3182 5026
749 380 770 444 3

205 564 351 634 oratione
365 565 561 651 simpliciore
573 565 625 632 vel
642 563 746 632 sterili
757 569 790 630 et
797 563 912 650 jejuna
927 564 1109 649 latigemur,
1124 565 1207 632 alias
1222 565 1321 634 offen·

205 668 407 754 damur‚cum
423 668 542 736 crebris
555 668 720 751 acutisque
730 665 909 752 sententiis,
916 665 1026 736 dedite
1037 668 1322 749 operaoumulatis‚

205 771 397 840 rhetoricam
410 770 639 855 intellegamus
654 769 847 856 gravitatem
863 768 930 853 peti
944 768 1180 852 intellegamus.
1204 769 1321 850 Quam-

205 875 313 940 obrem
344 872 445 939 mnlta
471 872 620 956 inveniri,
649 891 740 956 quae,
770 878 863 938 acute
885 870 1051 954 facetoque
1073 871 1170 954 dieta,
1199 872 1323 957 ingenii

204 975 374 1043 videantur
401 973 550 1041 acerrimi
582 973 830 1057 eoncedendum,
856 980 957 1040 totum
980 973 1110 1040 dicendi
1135 995 1237 1060 genus
1259 975 1323 1042 ele·

204 1097 287 1163 gans
310 1082 543 1161 venustumque
566 1096 648 1161 esse,
671 1074 856 1160 negandum
879 1083 937 1142 est.

289 1181 448 1248 Senecam
474 1177 706 1247 sententiarum
737 1178 905 1263 parataxin
932 1185 1130 1263 anteponere
1156 1145 1323 1266 hypotexi,

203 1307 287 1370 quae
322 1291 465 1363 vocatur,
503 1282 709 1367 conspicuum
745 1279 868 1346 iaciunt
905 1281 1150 1349 sententiae
1182 1282 1321 1349 condi·

203 1388 400 1470 tionales,
436 1384 473 1449 in
501 1382 803 1469 principalium
826 1381 992 1450 formam
1016 1383 1228 1454 redactae.
1273 1388 1323 1454 Ea

203 1490 346 1572 licentia,
377 1507 449 1573 qua,
476 1486 560 1570 quod
583 1483 705 1570 percipi
727 1484 797 1551 vult
817 1483 938 1550 dietum
960 1484 1231 1573 conditionaliter,
1258 1508 1321 1573 quo

204 1594 310 1661 corius
332 1591 526 1678 garviusque
548 1588 645 1660 dicat,
674 1586 794 1653 iactum
825 1586 1000 1670 legentium
1029 1590 1130 1656 oeulis
1160 1592 1321 1680 proponit,

104 1750 105 1754 .
203 1695 314 1762 neseio
341 1714 382 1759 un
410 1690 552 1759 sermoni
580 1688 779 1775 potissimum
810 1687 972 1756 cotidiano
997 1695 1031 1754 et
1051 1690 1094 1756 ad
1122 1691 1194 1777 ejus
1219 1693 1322 1760 instar

203 1796 390 1882 composito,
411 1793 528 1878 quippe
545 1792 599 1877 qui
615 1793 720 1858 minus
736 1792 931 1875 elegantiam
948 1811 1041 1875 quam
1057 1795 1320 1879 perspicuitatem

202 1908 236 1967 et
263 1897 389 1985 pondus
422 1902 608 1980 aucupetur,
643 1893 807 1979 proprium
841 1892 891 1959 sit.
936 1894 1042 1962 Unum
1070 1895 1165 1962 liceat
1202 1896 1321 1964 alierre

204 2001 384 2086 exemplum
400 1997 597 2064 Plautinum:
620 1997 712 2062 llost.
735 1995 807 2064 859.

367 2121 440 2176 Nam
458 2120 491 2172 ut
510 2119 581 2173 serui
598 2117 696 2172 uolunt
714 2134 772 2172 essa
791 2133 876 2185 erum,
894 2117 936 2172 ita
953 2117 1023 2172 solet
1040 2119 1065 2173 is
1085 2136 1152 2176 essa.
1350 2083 1361 2293 ί
1382 2117 1442 2307 sp

415 2209 487 2264 Boni
505 2211 580 2275 sunt,
598 2209 713 2274 bonust;
731 2209 770 2264 im
789 2208 848 2262 robi
866 2209 941 2275 suut,
958 2207 1045 2262 malus
1063 2207 1104 2263 fit.

287 2299 336 2366 Oi.
370 2298 431 2382 Ep.
463 2297 517 2375 IV,
546 2297 576 2362 3.
605 2297 636 2376 5,
668 2296 764 2377 ,tortu
788 2316 807 2362 a
835 2315 891 2362 eos
919 2297 1034 2362 evertit
1062 2345 1070 2363 .
1098 2346 1106 2362 .
1138 2348 1146 2364 .
1176 2300 1321 2384 fugiunt!

203 2404 263 2489 Ep.
285 2401 371 2482 XIV,
393 2402 423 2468 3.
449 2398 497 2481 15,
520 2398 652 2482 placet:
685 2417 774 2484 pare.
807 2418 870 2464 non
898 2398 1018 2483 placet:
1049 2419 1237 2486 quacunque
1259 2403 1320 2488 ris,

203 2506 273 2572 eri.¹
320 2503 379 2588 Ep.
413 2501 482 2582 XV,
515 2502 545 2567 3.
581 2502 632 2586 50,
669 2501 736 2586 ,Vis
758 2500 836 2568 deos
865 2499 1066 2586 propitiare?
1100 2503 1201 2572 bonus
1231 2507 1322 2574 esto.²

203 2607 263 2692 Ep.
290 2604 375 2688 XIX,
398 2607 426 2670 1.
452 2604 502 2686 14,
532 2602 593 2686 ,vis
616 2652 624 2667 .
648 2654 655 2670 .
680 2607 908 2671 contemnere?
938 2604 1059 2670 exitum
1086 2609 1216 2690 specta!
1271 2607 1321 2674 De

203 2709 290 2774 brev.
313 2707 368 2773 vit.
391 2707 462 2787 VII,
483 2708 514 2773 4.
536 2705 593 2771 ΧΙ.
618 2708 646 2785 1,
667 2705 706 2771 Ν.
729 2726 758 2790 q.
780 2705 824 2790 ΙΙ,
845 2707 896 2772 45.
918 2707 948 2774 2.

286 2808 372 2877 lude
394 2808 494 2875 oritur
514 2808 570 2874 ille
592 2807 774 2892 imperativi
796 2828 884 2892 usus,
917 2828 979 2891 quo
1008 2829 1071 2876 uon
1094 2811 1178 2895 quod
1201 2813 1320 2879 iacien-

67 2926 70 2932 ’
203 2912 279 2980 dum
301 2918 360 2991 est,
382 2910 440 2978 sed
462 2910 618 2994 condicio,
640 2910 699 2977 sub
721 2928 785 2992 qua
806 2909 852 2994 fit,
875 2910 1072 2994 exprimitur.

286 3014 324 3080 Ν.
346 3033 376 3096 q.
397 3013 424 3094 1,
439 3015 468 3080 6.
483 3016 514 3094 4,
529 3031 676 3098 ,oppoue,
692 3011 831 3096 inquam,
848 3012 909 3078 soli
924 3013 1060 3080 alteram
1076 3016 1209 3100 nubem,
1224 3015 1319 3102 hujus

202 3116 343 3182 varietas
372 3114 534 3183 interibit'.
586 3115 624 3181 Ν.
647 3133 677 3198 q.
700 3115 755 3195 ΙΙΙ,
779 3116 828 3182 10.
857 3117 889 3197 4,
917 3114 1058 3196 ,detrahe
1088 3117 1136 3182 illi
1163 3117 1320 3186 colorem:

202 3219 355 3303 rigescit!
402 3218 463 3303 Ep.
485 3218 525 3301 ΙΙ,
547 3217 578 3283 5.
604 3218 652 3300 10,
680 3217 834 3298 ,seculum
864 3223 967 3283 muta:
996 3217 1092 3287 nimis
1116 3219 1215 3286 habes
1238 3271 1246 3287 .
1270 3270 1278 3286 .
1301 3223 1319 3288 .’

201 3321 262 3407 Ep.
285 3320 330 3405 ΙΙ,
354 3323 382 3386 1.
404 3321 436 3404 4,
466 3317 594 3404 ,Catoni
615 3316 757 3405 gladium
781 3367 790 3384 .
814 3367 821 3384 .
845 3368 853 3384 .
877 3327 1044 3405 extorque,
1077 3342 1228 3406 magnam
1249 3342 1319 3408 pur-

201 3432 266 3491 tem
296 3422 422 3509 gloriae
443 3421 639 3489 oeeaxeris’.
676 3419 737 3504 Ep.
759 3421 828 3506 XV,
850 3423 881 3488 2.
904 3423 955 3506 23,
985 3443 1077 3504 ‚sana
1097 3424 1267 3490 avaritiam
1289 3435 1322 3491 et

200 3525 282 3593 nihil
296 3524 447 3592 habebis!
492 3523 552 3608 Ep.
576 3525 612 3607 V,
634 3524 664 3588 4.
687 3523 719 3606 8,
742 3522 856 3606 ,eifice,
880 3531 943 3589 ut.
967 3574 974 3589 .
998 3574 1006 3591 .
1029 3526 1226 3612 intellegam,
1248 3547 1320 3612 per-

201 3627 268 3694 didi
291 3629 405 3695 usum.¹
459 3627 509 3692 De
531 3626 603 3692 ben.
628 3625 669 3709 ΙΙ,
691 3627 741 3692 29.
762 3625 793 3707 5,
816 3626 902 3705 ,tolle
924 3627 1077 3707 radicem,
1101 3649 1233 3696 nemora
1255 3650 1319 3696 uon

203 3732 353 3814 surgent*
399 3729 448 3795 Oi.
472 3728 532 3812 Ep.
555 3727 673 3810 XVlll,
695 3729 770 3807 66,
793 3727 832 3793 Ν.
851 3747 880 3810 q.
903 3729 931 3813 Ι,
953 3731 982 3796 3
1006 3732 1202 3815 6164ΙΙ
1216 3733 1267 3798 38
1294 3736 1320 3814 Ι

203 3831 247 3915 ΙΙ,
274 3832 325 3899 59.
354 3833 386 3916 3,
409 3830 470 3911 ΙΙΙ,
501 3833 555 3898 10.
572 3832 604 3914 4,
648 3830 708 3896 De.
729 3835 767 3896 tr.
788 3849 839 3898 an.
863 3829 891 3896 7.
913 3833 943 3898 2.
979 3833 1030 3970 Ari
1053 3832 1146 3900 Helv.
1169 3832 1319 3900 decons.

225 3982 371 4102 ''Rero
407 4035 521 4102 eadem
558 4034 683 4101 ratione
719 4033 956 4120 conjunctivum
991 4035 1208 4118 usurpatum
1200 4035 1319 4102 rnreui.

202 4139 241 4206 Ν.
257 4159 286 4222 q.
303 4137 346 4222 Il,
360 4139 411 4204 59.
427 4138 457 4218 6,
480 4137 669 4222 ,cogitemus
690 4154 750 4202 nos
775 4185 782 4201 .
805 4187 813 4202 .
837 4185 844 4202 .
866 4135 1010 4221 perditos
1032 4154 1120 4202 esse:
1143 4145 1177 4202 et
1190 4138 1320 4204 sumus!

287 4240 534 4329 Disputationes
549 4240 704 4322 excultus,
720 4239 847 4306 Seneca
861 4238 948 4319 dicit,
969 4236 1042 4321 plus
1059 4237 1186 4323 quidem
1201 4238 1320 4306 hebere

1106 4365 1138 4428 1*
