3182 5026
840 371 861 436 2

296 559 447 644 loturum,
468 564 504 624 ut
525 558 686 641 legeretur
708 562 740 623 et
761 555 847 642 apud
869 575 937 639 eos,
959 555 1073 639 quibus
1095 555 1264 641 scribebat,
1290 553 1412 639 aliquid

296 662 428 746 valeret,
451 661 479 728 si
501 659 660 725 rhetorico
683 666 871 725 ornamento
893 678 932 724 ex
957 655 1096 723 dictione
1124 666 1258 739 remoto,
1289 657 1410 741 simpli-

295 764 392 829 citate
415 762 562 828 modesta
583 769 615 827 et
633 760 749 846 J'ejuna
772 760 964 845 scripsisset.
1009 759 1208 843 Quamquam
1225 760 1309 826 enim
1333 760 1412 826 dicit

295 865 353 949 Idp.
376 865 431 946 IX,
453 867 482 930 4.
508 867 536 946 1,
565 863 646 947 ,quis
670 871 820 929 accurate
850 863 1004 946 loquitur,
1026 860 1090 927 nisi
1117 863 1172 944 qui
1200 864 1269 931 vult
1301 862 1410 950 putide

293 967 394 1052 loqui3
417 967 523 1052 qualis
546 985 651 1032 sermo
681 985 771 1032 meus
794 969 891 1043 esset,
921 963 949 1030 si
972 983 1036 1029 una
1064 963 1262 1050 sederemus,
1287 964 1410 1031 inlabo-

294 1077 382 1136 ratus
405 1067 576 1152 etfacilis,
605 1067 687 1133 tales
710 1087 782 1134 esse
816 1066 969 1150 epistolas
998 1088 1088 1135 meas
1112 1068 1195 1154 volo,
1224 1087 1307 1150 quac
1328 1066 1410 1132 nihil

293 1170 435 1237 habeant
452 1169 672 1260 accersitum,’
700 1169 834 1253 quaeris
866 1170 957 1237 etin
988 1171 1132 1256 epistolis
1156 1167 1198 1239 ¹et
1225 1171 1258 1238 iu
1293 1169 1410 1236 ceteris

292 1273 382 1340 libris
415 1272 578 1340 sententia
607 1273 759 1353 ostendit,
804 1293 877 1340 eum
914 1272 1029 1356 minus,
1073 1273 1150 1358 qnid
1186 1273 1271 1340 dicat
1311 1291 1408 1358 quam

292 1375 451 1459 quomodo
481 1391 595 1444 curare
626 1395 666 1440 ao
693 1395 757 1441 non
786 1383 852 1441 tam
875 1395 942 1442 rem
964 1374 1077 1460 ipsam,
1106 1375 1146 1442 de
1169 1396 1231 1460 qua
1257 1375 1408 1461 disputat,

291 1495 387 1561 quam
417 1477 579 1563 legentem
605 1478 729 1543 intueri.
781 1477 885 1558 Quam
914 1479 957 1546 ad
985 1477 1119 1543 nimiam
1148 1478 1298 1563 placendi
1320 1479 1409 1563 cupi-

292 1579 401 1646 dinem
424 1599 546 1664 omnes,
577 1599 659 1664 quae
681 1579 713 1644 in
737 1600 775 1648 eo
797 1589 969 1648 cernuntur
991 1581 1058 1648 stili
1080 1580 1294 1666 proprietates
1316 1579 1409 1647 recti-

291 1699 353 1765 que
398 1702 475 1749 usus
513 1682 751 1766 discrepantiae
788 1681 979 1750 referendas
1022 1690 1105 1750 suut.
1164 1683 1261 1750 Recte
1311 1681 1409 1768 igitur

291 1783 472 1852 Fridericus
509 1785 618 1851 Haase
654 1785 687 1850 in
726 1784 928 1870 praefatione
965 1804 1037 1851 eum
1081 1785 1113 1850 in
1150 1784 1408 1870 philosophando

291 1886 539 1954 declamatorem
562 1887 714 1972 appellat,
737 1907 809 1954 cum
831 1885 1045 1972 sophistarum
1073 1907 1161 1953 more
1189 1886 1326 1954 dicendo
1353 1887 1407 1952 de·

290 1989 496 2055 lactationem
526 1999 660 2074 quaerat
687 2011 749 2057 nec
775 2009 838 2074 quo
860 1989 975 2056 doceat
1002 1989 1060 2056 sed
1089 2009 1151 2075 quo
1179 1990 1351 2075 splendeat
1375 1998 1408 2056 et

291 2092 410 2177 capiat,
441 2092 590 2178 disputet.
635 2094 728 2175 Quod
760 2112 858 2177 quum
892 2092 962 2158 sine
992 2091 1086 2159 dubio
1109 2101 1176 2159 tam
1204 2092 1349 2178 perfecte
1375 2100 1408 2158 et

290 2196 417 2280 penitus
441 2196 579 2276 sciverit,
608 2216 703 2281 qnam
729 2214 825 2261 nemo
854 2213 914 2259 nec
936 2201 1011 2260 ante
1038 2212 1111 2260 eum
1136 2216 1198 2262 nec
1224 2203 1297 2280 post
1323 2215 1406 2279 eum,

290 2297 408 2380 evenit,
430 2305 465 2362 nt
487 2317 564 2363 suae
587 2296 713 2381 quidem
736 2297 853 2363 aetatis
876 2296 1005 2361 auribus
1034 2297 1278 2383 acceptissimus
1299 2298 1406 2381 fuerit,

289 2399 383 2464 nobis
405 2418 492 2481 vero,
515 2399 634 2483 quippe
661 2402 716 2483 qui
739 2397 913 2464 dictionem
940 2397 1145 2482 splendidam
1172 2421 1236 2466 non
1264 2420 1336 2466 raro
1358 2400 1406 2466 rei

286 2499 422 2587 jejunae
445 2500 659 2566 velamentum
683 2521 755 2566 esso
784 2500 971 2584 sentiamus,
999 2499 1100 2568 illicia
1128 2503 1297 2583 rhetorica,
1322 2521 1405 2585 quae

291 2603 453 2669 cumulata
475 2603 652 2670 orationem
676 2610 821 2686 onerant,
845 2601 982 2668 molesta
1004 2603 1079 2669 sint.

373 2705 409 2772 si
431 2706 471 2771 de
493 2705 653 2772 latinitate
670 2706 815 2772 Senecae
844 2705 1004 2772 disserere
1034 2707 1242 2792 instituimus,
1272 2727 1336 2773 non
1366 2726 1404 2773 eo

290 2827 349 2873 uos
372 2807 529 2873 contineri
552 2806 631 2872 satis
654 2815 712 2890 cst,
735 2817 770 2874 nt
785 2828 992 2894 quaecunque
1016 2809 1057 2874 ad
1073 2811 1303 2893 grammaticae
1325 2810 1404 2876 artis

289 2910 418 2996 regulas
446 2917 603 2995 spectant,
637 2911 763 2978 naviter
791 2932 830 2977 ac
860 2911 1003 2978 studiose
1029 2918 1214 2997 tractcmns3
1242 2913 1300 2979 sed
1329 2919 1405 2978 aute

289 3012 334 3078 de
363 3013 557 3079 universa
583 3011 674 3097 ejus
703 3013 843 3078 indole
870 3034 915 3080 ao
943 3014 1134 3081 narrandi
1170 3015 1403 3082 describen-

289 3113 413 3197 dique
435 3115 593 3181 ratione
615 3114 772 3198 primitias
794 3113 952 3196 quasdam
974 3118 1052 3183 dare
1074 3136 1208 3185 necesse
1229 3124 1288 3184 est.

372 3216 527 3282 Vitiorum
551 3217 674 3282 nullum
697 3235 799 3302 genus
822 3217 855 3281 in
871 3217 1014 3285 Senecae
1037 3219 1177 3286 dictione
1204 3239 1306 3304 aeque
1329 3240 1402 3288 con·

289 3319 432 3403 spicuam
470 3338 543 3384 esse
577 3325 716 3404 constat,
751 3338 847 3402 quam
882 3318 964 3404 quod
1000 3321 1142 3405 pertinet
1173 3322 1215 3388 ad
1248 3322 1404 3389 orationis

288 3421 429 3513 membra
466 3421 550 3486 inter
585 3440 620 3486 se
656 3421 861 3488 conectenda.
913 3421 1024 3489 Oratio
1061 3425 1196 3491 rotunda
1231 3426 1400 3492 verborum

287 3523 524 3591 constructione
552 3530 647 3607 atque
678 3523 847 3594 sententiis
876 3523 993 3591 leniter
1021 3525 1191 3594 fluentibus
1219 3547 1284 3593 non
1307 3527 1401 3593 modo

287 3644 349 3690 non
374 3627 424 3692 est
445 3634 568 3708 ornata,
591 3623 648 3690 scd
671 3624 776 3709 potius
799 3626 831 3690 in
857 3626 1089 3695 minutissimas
1108 3629 1284 3714 particulas
1299 3629 1401 3696 disso-

285 3727 362 3811 luta,
391 3735 552 3811 tamquam
582 3727 721 3817 infracta
747 3735 780 3793 et
801 3708 998 3813 confragosa
1021 3731 1157 3797 videtur.
1202 3729 1401 3815 complicitis

286 3830 502 3914 contortisque
531 3827 821 3896 continuationibus
851 3830 1038 3914 repudiatis,
1070 3833 1253 3899 sententiae
1282 3831 1323 3899 de
1351 3831 1400 3898 in·

285 3933 407 3999 dustria
428 3953 492 3998 non
515 3940 590 3999 sunt
611 3951 753 3998 conexae
776 3933 844 4016 sed,
865 3952 927 3998 nec
949 3934 1226 4016 conjunctionibus
1246 3953 1308 4001 nec
1329 3954 1400 4019 pro·

285 4035 415 4102 nomine
438 4034 572 4100 relativo
594 4034 678 4100 inter
701 4053 736 4099 se
765 4034 985 4118 cohaerentes,
1008 4035 1112 4101 altera
1138 4035 1232 4103 alteri
1254 4044 1399 4103 assertae

286 4146 369 4204 sunt.
415 4138 485 4218 Quo
507 4138 634 4222 quidem
664 4137 710 4218 iit,
743 4145 777 4201 ut
806 4137 888 4203 alias
910 4174 952 4185 -
982 4158 1053 4205 cum
1082 4139 1123 4204 ad
1146 4159 1305 4223 quamque
1327 4157 1398 4204 sen·

286 4240 419 4305 tentiam
454 4237 627 4324 legendam
669 4257 771 4305 novus
814 4239 905 4322 qnasi
949 4239 1088 4324 impetus
1127 4239 1305 4326 capiendus
1348 4240 1399 4325 sit,
