3182 5026
718 349 760 420 23

264 532 454 601 Orebemine
472 534 638 618 anaphora
649 534 793 602 adhibita
807 534 991 618 imperativi
1002 534 1129 619 pondus
1146 543 1295 620 augetur:
1334 538 1337 544 ’

179 637 230 702 De
251 636 288 700 ir.
309 638 333 720 l,
353 638 399 702 ll.
414 639 444 721 4,
464 636 517 720 ,da
538 637 711 716 rationem,
741 637 782 702 da
805 635 1033 720 disciplinam?
1072 637 1131 721 Ep.
1146 639 1183 718 V,
1198 639 1227 702 9.
1246 642 1295 722 10,

180 737 265 819 ‚diu
289 787 296 802 .
320 736 418 804 .dic.
443 787 450 802 .
475 788 481 802 .
507 737 559 804 dic
583 791 589 804 .
613 797 621 812 ,
644 788 651 804 .
675 737 774 804 dic..
798 740 815 803 .’
843 737 892 804 Ad
913 738 1025 824 Polyb.
1048 738 1248 808 deconsld.
1267 744 1294 822 1,

180 839 314 924 ‚respice
335 839 475 924 optimos
498 839 626 925 fratres,
650 841 775 926 respice
799 859 939 920 uxorem,
962 840 1064 906 filium
1087 843 1232 928 respice*
1254 881 1294 894 —

181 941 310 1025 Diali,
332 944 361 1008 4.
385 943 415 1024 9,
438 940 551 1026 ,fugite
573 942 718 1025 delicias,
742 943 844 1027 fugite
866 951 1053 1009 enervatam
1081 945 1294 1013 lelieitateml’

181 1043 263 1109 Dial.
287 1044 314 1128 1,
330 1046 359 1110 6.
376 1043 413 1130 6,'
429 1051 624 1114 contemnite
648 1053 781 1112 mortem
802 1095 811 1111 .
834 1093 842 1110 .
865 1095 874 1110 .
897 1046 1091 1112 contemnite
1114 1047 1293 1117 fortunam!

265 1147 438 1218 planarum
465 1149 708 1220 sententiarum
736 1146 912 1234 anaphora.
936 1183 978 1195 -
996 1148 1033 1213 N.
1061 1173 1092 1233 q.
1115 1149 1172 1234 111,
1193 1152 1241 1216 12.
1264 1154 1295 1235 9,

178 1249 275 1332 ,Quid
298 1263 348 1316 est
370 1250 602 1335 praecipuum?
625 1301 632 1316 .
657 1302 664 1316 .
689 1303 695 1316 .
717 1249 867 1335 quidest
892 1245 1124 1336 praecipuum?
1146 1252 1295 1335 ...quid

179 1358 230 1416 est
262 1353 497 1438 praecipuum?
527 1354 694 1438 ...quid
726 1360 773 1420 est
809 1352 1050 1437 praecipuuml’
1083 1391 1120 1402 -κ
1146 1355 1186 1422 N.
1209 1379 1239 1439 q.
1265 1357 1293 1434 1,

179 1453 257 1536 prol.
280 1457 310 1520 3.
353 1455 449 1538 ‚Quid
480 1464 530 1522 est
556 1456 658 1523 deus?
690 1475 782 1522 mens
813 1454 964 1522 universi.
999 1457 1075 1540 quid
1106 1464 1156 1524 est
1183 1457 1292 1525 deusl’

180 1556 239 1639 Ep.
255 1555 293 1639 V,
308 1559 338 1622 6.
359 1560 387 1643 1,
411 1558 507 1640 ,servi
531 1564 614 1643 sunt,
639 1559 737 1624 immo
751 1557 910 1642 homines,
933 1558 1020 1625 servi
1041 1565 1136 1626 sunt.
1153 1609 1185 1627 ..
1207 1562 1293 1628 servi

179 1657 271 1724 sunt'
309 1659 369 1743 ldp.
387 1660 423 1739 V,
438 1661 467 1726 6.
485 1660 533 1744 15,
554 1679 677 1747 ,servus
693 1668 743 1727 est
814 1678 925 1727 servus
940 1662 1008 1727 est’
1030 1661 1089 1746 Ep.
1101 1662 1188 1746 XIV,
1199 1664 1229 1730 4.
1240 1665 1293 1747 22,

178 1760 306 1845 ‚adjicio
330 1763 533 1830 caecitatem:
564 1783 627 1830 non
659 1763 823 1829 tit'miser.
847 1761 967 1849 adjicio
990 1761 1206 1829 debilitatem:
1228 1785 1293 1830 non

178 1864 214 1930 fit
229 1862 352 1930 'miset'
397 1865 449 1931 Ad
470 1866 580 1952 Polyb.
602 1866 641 1932 de
663 1884 740 1932 cons
761 1866 790 1932 3.
812 1864 843 1946 5,
866 1866 981 1949 ,Luget
999 1865 1152 1952 Polybius
1175 1873 1209 1932 et
1230 1917 1240 1935 .
1262 1915 1292 1934 ..

177 1968 282 2051 Luget
303 1967 457 2054 Polybius
479 1977 539 2035 et.
562 2016 569 2033 .
592 1971 609 2033 .’
654 1969 702 2033 De
725 1968 770 2034 br.
792 1967 847 2034 vit.
872 1969 919 2035 13.
939 1968 969 2049 6,
992 1965 1211 2052 ,depugnantl
1237 1989 1292 2054 pa-

108 2077 111 2083 '
178 2088 247 2135 rum
276 2077 334 2137 est.
386 2070 605 2137 (loueinantur
627 2123 634 2136 .
656 2090 770 2155 parum
803 2069 872 2136 est'
903 2107 943 2117 -—
972 2063 1041 2153 Ep.
1055 2068 1111 2149 IX,
1130 2069 1156 2133 1.
1172 2069 1201 2141 l,
1229 2068 1292 2150 ‚eui

178 2170 299 2255 aliquid
335 2173 510 2239 abstollere
547 2180 662 2258 potest,
700 2171 733 2238 id
764 2223 771 2238 .
801 2222 808 2238 .
839 2224 846 2240 .
876 2172 927 2238 eui
960 2169 1083 2254 aliquid
1116 2171 1291 2238 abscedere

178 2280 292 2358 potest,
315 2274 371 2341 id.
396 2323 404 2341 .
428 2273 445 2338 .'
469 2273 511 2342 ef.
533 2275 570 2340 N.
587 2298 618 2360 q.
641 2277 678 2349 V,
695 2276 743 2341 18.
762 2278 810 2348 12,
825 2274 855 2358 Ι,
875 2275 904 2340 7.
919 2276 950 2358 2,
969 2273 1011 2355 ΙΙ,
1030 2274 1082 2341 45.
1101 2274 1128 2355 1,
1143 2273 1181 2346 V,
1197 2274 1248 2341 18.
1262 2276 1291 2342 3,

265 2376 301 2441 ln
324 2376 509 2461 anaphoras
532 2377 657 2445 luxuria
672 2385 816 2463 apparet,
831 2376 916 2461 quod
937 2376 971 2441 in
988 2377 1135 2443 Senecae
1149 2376 1291 2444 dictione

177 2477 362 2561 gravissimi
402 2481 555 2545 momenti
599 2489 663 2564 est,
707 2478 943 2551 eonelnnltldls
987 2476 1132 2548 sludlttttt
1180 2478 1290 2546 immo-

180 2578 295 2645 dicum.
326 2580 536 2649 concinnitas
558 2583 697 2650 cernitur
719 2591 776 2649 aut
795 2603 842 2664 eo,
865 2591 899 2649 ut
914 2580 1146 2649 sententiarum
1162 2581 1291 2649 casibus

178 2683 326 2768 numeris,
350 2683 453 2751 modis
468 2705 532 2752 non
554 2686 654 2752 libere
672 2686 801 2752 mutatis
823 2687 923 2753 verba
937 2685 1044 2751 verbis
1061 2683 1289 2768 respondeant,

178 2794 232 2851 aut
262 2805 311 2869 eo,
335 2795 370 2853 ut
392 2790 541 2873 singulae
569 2788 813 2856 enunciationes
839 2795 944 2855 certos
972 2795 1005 2852 et
1032 2785 1289 2873 circumscriptos

177 2890 315 2956 ambitus
343 2892 597 2976 complectantur
622 2897 655 2956 et
683 2892 781 2957 verba
810 2888 918 2956 verbis
947 2889 1039 2973 quasi
1067 2887 1224 2956 demensa
1253 2911 1291 2958 ao

177 2993 268 3076 paria
293 2993 401 3060 sonitu
431 2993 492 3060 sibl
515 2987 741 3078 respondeant.
786 2993 899 3060 Altera
920 2993 1048 3077 speeies
1071 3027 1111 3040 -·
1134 2993 1289 3058 membro·

178 3113 247 3159 rum
273 3096 452 3180 aequalitas
475 3135 513 3144 -
538 3116 620 3179 quae
648 3095 799 3179 omniurn,
836 3094 890 3179 qni
926 3095 1043 3162 cultius
1079 3093 1289 3179 scripserunt,

176 3197 306 3283 propria
328 3197 506 3265 orationem
529 3197 634 3264 reddit
655 3199 837 3285 elegantem
857 3197 1056 3284 politamque
1079 3191 1170 3283 ¹apud
1190 3199 1289 3266 Sene-

175 3297 248 3365 cam
271 3299 484 3383 desideratur,
511 3301 623 3384 altera,
656 3321 719 3384 qua
746 3302 916 3367 verborum
945 3317 1045 3366 senus
1074 3308 1107 3366 et
1138 3320 1290 3368 mensura

175 3402 285 3470 subtili
308 3402 477 3492 diligentia
499 3414 663 3489 aequatur,
686 3404 814 3489 proprie
837 3401 996 3468 rhetorica
1016 3402 1111 3470 nimis
1126 3405 1290 3472 elaborata

174 3526 212 3572 ac
233 3505 377 3572 studiose
398 3507 543 3592 appetita
565 3515 624 3576 est.
648 3499 688 3555 '—
703 3506 743 3572 ln
765 3506 816 3573 bis
831 3505 982 3572 dictionis
1004 3504 1158 3592 flosculis,
1180 3505 1221 3573 de
1243 3508 1288 3573 in-

176 3607 298 3675 dustria
319 3607 549 3694 conquirendis
572 3609 699 3693 nimius,
722 3611 821 3675 multa
836 3610 961 3677 videtur
976 3611 1097 3677 dixisse
1112 3611 1151 3676 ob
1167 3610 1289 3677 nullam

177 3711 273 3776 aliam
302 3731 451 3796 oausam,
479 3731 574 3795 quam
602 3720 636 3777 ut
661 3711 831 3778 antithesis
861 3713 990 3798 lepidae
1018 3732 1151 3780 corusco
1181 3712 1288 3797 splen-

176 3812 252 3880 dore
281 3814 465 3880 delectaret.
509 3815 546 3880 ln
570 3835 642 3884 cum
664 3815 714 3882 vel
740 3814 877 3882 maxime
900 3817 1006 3901 ipsum
1028 3815 1124 3896 eadit,
1149 3813 1182 3879 id
1202 3814 1287 3897 quod
1395 3819 1401 3834 '

176 3917 325 4002 queritur,
353 3917 507 4003 plurimos
535 3937 613 3984 suae
641 3918 758 3985 aetatis
791 3927 940 3986 auctores
962 3918 1100 4003 alicujus
1123 3917 1212 4012 verbi
1234 3915 1287 3982 de·

175 4039 250 4086 core
272 4019 314 4085 ad
335 4021 380 4100 id,
410 4020 496 4104 quod
517 4021 579 4106 ipsi
610 4041 672 4086 non
701 4011 845 4105 probent,
882 4020 1108 4088 affirmandum
1145 4018 1287 4086 excitari.

173 4123 292 4207 Magna
319 4124 549 4209 proprietatnm
578 4145 653 4208 pars
674 4145 713 4189 ex
739 4123 910 4206 desiderio,
942 4124 1041 4189 verba
1068 4123 1114 4188 ita
1144 4120 1287 4205 eligendi

174 4233 209 4290 et
242 4225 424 4310 ordinandi,
466 4235 500 4292 ut
534 4227 654 4312 pariter
693 4225 845 4293 cadentia
863 4224 1113 4311 xquodammodo
1157 4223 1287 4290 auribus
