3182 5026
864 330 903 396 18

304 513 454 600 ,quidni
468 517 554 582 non“
569 513 654 580 idem
677 514 840 599 significat
861 535 901 580 ae
916 515 1070 600 „qnidni“
1087 525 1182 602 egeat
1196 517 1441 590 emendatione:

321 617 372 682 De
395 619 465 684 hen.
489 619 528 702 V,
544 617 594 686 25.
613 619 642 701 l,
680 625 833 702 ,repetam
856 619 963 701 itaque
986 621 1060 703 quia
1076 672 1084 688 .
1101 675 1106 686 .
1123 671 1130 686 .
1146 618 1293 687 Tiberius
1316 619 1442 686 Caesar

321 719 405 785 inter
426 721 519 785 initia
551 719 671 787 dicenti
704 720 831 787 cuidam
864 721 1092 804 „meministi“,
1118 729 1291 805 antequam
1327 722 1440 806 plures

322 828 415 887 notas
438 820 667 888 familiaritatis
690 823 857 907 proferret,
893 842 955 888 non
994 826 1180 908 ‚,memini“
1213 825 1323 908 inquit,
1360 825 1441 907 quid

321 924 445 990 fuerim.
490 925 539 991 Ab
561 923 623 990 hoc
646 925 756 1007 quidni
785 947 848 992 non
873 934 960 992 esset
982 926 1173 992 heneficium
1196 927 1440 1010 repetenduml'

320 1027 470 1093 Forsitan
493 1028 620 1094 Seneca
642 1028 808 1112 scripserit
829 1030 957 1112 „nune‘0'
979 1029 1035 1114 (=
1052 1030 1100 1115 „si
1115 1049 1167 1096 res
1184 1031 1229 1095 ita
1244 1049 1279 1094 se
1295 1029 1439 1114 haben).

403 1131 489 1196 Loco
512 1130 567 1197 illo
590 1131 654 1210 (De
677 1132 747 1197 ben.
770 1130 822 1214 Vl,
839 1133 868 1197 7.
883 1132 929 1215 2,)
954 1132 1081 1198 Seneca
1096 1132 1241 1217 intellegi
1263 1132 1341 1213 vult,
1364 1152 1437 1196 eum

319 1232 373 1314 qui
396 1241 525 1298 coactus
547 1232 738 1300 beneficium
761 1234 913 1317 conterat,
950 1255 1009 1300 nos
1038 1254 1102 1300 non
1128 1234 1282 1318 obligare.
1326 1234 1436 1317 Neque

320 1333 417 1416 igitur
440 1334 647 1404 excusatione
683 1335 746 1401 ista
782 1354 863 1419 opus
899 1343 977 1401 erat.
1031 1338 1153 1402 Tamen
1177 1337 1435 1402 emendationem

320 1454 383 1513 non
407 1437 589 1521 probamus,
613 1437 688 1520 quia
711 1437 896 1522 lectionem,
919 1459 958 1504 ex
981 1438 1144 1505 codicibus
1167 1438 1339 1504 exhibitam
1369 1457 1436 1504 mu·

320 1537 382 1602 tari
404 1558 466 1604 non
495 1559 575 1623 opus
603 1547 661 1605 est.
719 1539 812 1606 Adde
841 1540 927 1625 quod
957 1540 1111 1624 „quidni“
1144 1541 1289 1625 quamvis
1325 1540 1436 1606 multis

318 1640 400 1706 locis
422 1641 612 1726 inveniatur,
635 1662 697 1708 uno
719 1643 790 1710 loco
806 1643 1063 1711 enunciationem
1079 1644 1203 1730 incipit,
1219 1662 1301 1726 qnae
1316 1643 1437 1726 pendet

208 1741 211 1748 “
321 1761 361 1807 ex
382 1745 544 1809 sententia
566 1745 791 1812 conditionali:
815 1747 875 1830 Ep.
898 1745 1002 1831 XVII,
1026 1747 1074 1813 19.
1097 1749 1126 1831 7,
1157 1765 1299 1830 ,quorum
1330 1746 1356 1810 si
1379 1766 1435 1810 na-

319 1851 422 1910 turam
458 1845 564 1932 habet
591 1847 676 1914 intra
713 1869 748 1914 se
771 1850 884 1934 malus,
921 1848 1034 1934 quidni
1062 1870 1120 1934 ego
1154 1849 1207 1915 isti
1245 1847 1435 1914 beneficium

317 1966 410 2014 suum
433 1948 565 2015 reddam
573 1951 599 2015 l'

403 2050 502 2118 Recte
524 2053 654 2135 quidem
676 2053 851 2120 Muellerus
878 2060 911 2118 et
932 2052 1078 2137 Opitzius
1102 2052 1308 2132 contendunt,
1335 2053 1435 2120 licen·

318 2153 396 2220 tiam
418 2173 490 2220 esse
513 2153 702 2239 inauditam,
738 2155 955 2241 conjungendi
983 2155 1178 2241 adjectivum
1202 2155 1434 2238 „manifestus“

318 2277 390 2323 cum
425 2257 583 2341 particula
621 2258 747 2342 „quin“.
811 2258 871 2324 Vel
905 2257 994 2324 nullo
1027 2257 1120 2323 modo
1159 2257 1283 2324 admitti
1319 2265 1433 2342 potest.

319 2360 398 2425 Cum
421 2359 507 2426 enim
530 2359 563 2425 in
585 2360 758 2449 hypothesi
780 2358 865 2426 desit
885 2359 1023 2443 negatio,
1058 2365 1154 2441 atque
1191 2360 1309 2444 duplici
1336 2360 1432 2444 parti-

317 2462 390 2529 cula
404 2461 558 2546 negativa
572 2462 702 2529 tollatur
717 2462 857 2546 negatio,
873 2461 1059 2528 exhibemus
1076 2482 1205 2528 sensum
1227 2461 1432 2528 eontrarium:

317 2565 368 2648 „si
390 2565 461 2649 quis
484 2572 614 2632 coactus
641 2565 765 2649 aliquid
792 2565 867 2630 boni
893 2565 981 2646 facit,
1014 2584 1074 2630 nos
1096 2564 1249 2647 obligat.“
1277 2604 1314 2612 -
1340 2563 1432 2628 Diffi·

317 2667 470 2734 cultatem
492 2667 604 2752 opinor
626 2666 793 2747 removeri,
817 2687 887 2733 curn
913 2667 1027 2750 „quin“
1056 2685 1120 2732 non
1148 2665 1338 2749 particulam
1362 2685 1434 2732 esse

317 2767 486 2834 relativam
522 2767 580 2834 sed
615 2769 879 2852 interrogativum
916 2772 971 2852 (=
993 2773 1068 2852 „qui
1096 2772 1172 2844 ne“)
1210 2767 1366 2834 eredimus
1402 2776 1434 2834 et

316 2870 583 2956 interpungirnns,
621 2879 656 2937 ut
691 2871 863 2938 Muellerus
900 2872 1079 2957 proposuit:
1116 2869 1164 2954 „si
1202 2869 1273 2952 quis
1304 2879 1433 2936 coaetus

316 2972 438 3056 aliquid
460 2973 536 3040 honi
556 2974 645 3058 tacit,
667 2975 742 3058 quin
759 2996 819 3043 nos
834 2996 898 3042 non
914 2973 1056 3058 obliget?
1070 2971 1273 3038 manifestius
1291 2979 1341 3039 est
1357 3023 1363 3038 .
1380 3021 1388 3038 .
1405 2975 1432 3040 .“

402 3076 548 3143 Senecae
590 3077 692 3144 oratio
729 3098 794 3144 non
836 3078 907 3144 fluit
949 3077 1007 3144 sed
1051 3083 1213 3158 tamquam
1250 3075 1371 3142 excidit
1396 3115 1432 3136 -.

317 3179 455 3263 primum
498 3181 582 3270 quod
625 3181 857 3247 sententiarum
900 3177 1065 3263 parataxis
1102 3175 1245 3242 adhibita
1282 3185 1355 3258 eut,¹
1385 3179 1434 3244 ubi

316 3281 493 3368 hypotaxin
522 3281 753 3364 desideramus,
791 3282 911 3348 deinde
947 3283 1031 3364 quod
1067 3281 1248 3349 sententiae
1271 3301 1334 3347 non
1363 3287 1435 3346 sunt

316 3383 458 3458 vinculis
494 3390 749 3470 coagmentatae.
814 3385 1049 3452 Creberrirnum
1094 3384 1192 3470 igitur
1219 3422 1262 3432 -
1283 3383 1315 3448 id
1353 3382 1434 3466 qnod

316 3487 453 3553 rhetoris
489 3484 690 3569 potissimum
727 3493 778 3552 est
799 3525 840 3535 -
861 3484 1045 3572 asyndeton
1069 3487 1107 3557 et
1127 3485 1307 3571 anaphora.
1366 3485 1432 3549 Hoc

314 3587 468 3672 loquendi
500 3607 603 3671 genus
637 3609 699 3655 nec
733 3589 772 3654 ab
797 3589 950 3658 cicerone
980 3608 1040 3672 neo
1076 3590 1115 3655 ab
1139 3587 1268 3668 ceteris,
1305 3605 1433 3669 quorun

317 3689 402 3770 culta
424 3696 474 3758 est
502 3689 615 3769 oratio,
645 3690 805 3758 abhorret.
864 3691 991 3759 Seneca
1017 3693 1050 3758 in
1087 3691 1147 3758 hoe
1183 3707 1308 3773 quoqne
1344 3709 1432 3757 orna·

316 3798 425 3868 mento
449 3790 607 3858 rhetorico
629 3790 671 3857 ad
693 3792 834 3861 taedium
856 3812 956 3878 usque
979 3795 1166 3862 luxuriatur.

400 3891 460 3981 Ep.
482 3895 567 3978 XVI,
589 3896 617 3960 1.
644 3897 672 3978 1,
695 3894 790 3976 ,Male
812 3897 916 3964 valeo,
960 3915 1037 3981 pars
1060 3896 1119 3962 lati
1141 3902 1200 3962 est.
1243 3891 1368 3957 familia
1383 3891 1432 3957 de·

318 3998 435 4080 cubuit,
458 3997 552 4063 fenus
576 3996 720 4081 offendit,
743 3996 857 4064 domus
881 4000 1012 4085 crepuit,
1035 3998 1166 4080 damna,
1195 3994 1330 4064 uolnera
1349 3994 1430 4060 labo-

318 4121 381 4186 res,
403 4107 508 4166 metus
531 4099 778 4166 incucurrerunt.
824 4100 908 4166 solet
930 4100 1007 4166 fieri.
1054 4098 1114 4167 hoc
1141 4118 1254 4183 parum
1278 4102 1337 4164 est.
1384 4096 1431 4161 de·

318 4203 384 4269 buit
406 4203 487 4271 lieri.
524 4200 738 4270 decernuntur
760 4201 833 4286 ista,
854 4221 919 4268 non
941 4201 1109 4268 accidunt!
