3182 5026
831 331 872 400 24

295 539 330 588 se
353 518 504 602 inferant,
531 517 678 586 ducenda
705 527 766 586 est.
810 519 890 584 Rem
920 517 1135 603 exemplorum
1166 539 1291 586 summa
1317 519 1409 605 eopia

155 658 162 670 ·
262 626 264 632 ’
295 642 334 688 55
356 620 514 690 varietate
535 620 749 689 illustremus:

380 721 632 796 antimetabole.
674 723 726 790 De
753 723 805 792 vit.
836 721 1046 802 1551111,
1076 728 1226 802 ,aeterum
1253 742 1317 788 non
1347 724 1409 809 ipsi

296 828 494 894 voluntatem
517 823 576 890 sed
611 824 702 909 ipsos
738 826 887 890 voluntas
923 821 1039 890 hahet'
1082 824 1133 890 De
1155 823 1211 891 vit.
1235 824 1408 907 155151,

297 949 367 1014 ,nee
381 929 561 1012 voluptates
585 926 645 993 eibi
669 925 727 993 sed
749 923 1039 1010 sexvoluptatibusst
1076 925 1127 991 De
1143 926 1197 993 vit.
1214 928 1296 994 beat.
1313 930 1364 995 20.
1379 931 1410 1012 3,

298 1050 420 1114 ,omnes
443 1037 605 1112 tamquam
620 1048 721 1113 meas,
746 1049 835 1097 meas
850 1035 1011 1111 tamqnam
1027 1027 1188 1095 omnium!
1212 1029 1262 1095 De
1277 1037 1318 1096 ot.
1336 1032 1365 1097 Ι.
1380 1033 1410 1111 2,

297 1155 367 1220 ,neo
382 1133 436 1198 hio
460 1131 533 1197 sine
552 1129 678 1197 notione
701 1131 933 1216 contemplatur
959 1148 1020 1195 neo
1047 1129 1100 1195 hio
1124 1131 1195 1198 aine
1216 1133 1410 1219 contempta·

297 1237 383 1303 tione
406 1232 493 1319 agit!
535 1233 586 1299 De
613 1235 683 1300 ben.
706 1235 731 1318 I,
753 1235 784 1301 3.
806 1235 836 1313 9,
860 1232 940 1318 ,Neo
962 1230 1012 1298 his
1035 1230 1162 1300 fabulae
1184 1235 1242 1301 sed
1264 1235 1344 1302 haee
1364 1235 1380 1300 f
1400 1273 1410 1284 -

298 1338 380 1405 anIs
402 1334 534 1403 inserit!
579 1335 630 1400 De
651 1342 694 1402 ot.
719 1340 746 1402 l.
769 1337 799 1416 2,
822 1334 933 1418 ,petita
956 1333 1173 1416 relinquimus,
1197 1336 1412 1420 1555155511-

299 1439 386 1509 mus!
444 1439 495 1504 De
523 1438 595 1505 ben.
624 1436 649 1520 Ι,
678 1439 706 1504 I.
729 1439 759 1517 2,
796 1435 862 1520 ,qui
899 1434 988 1502 dedit
1018 1442 1182 1521 tamquam
1215 1445 1411 1525 recepturus,

299 1541 419 1627 recepit
447 1547 609 1623 tamquam
631 1559 695 1604 non
718 1536 881 1606 dedisset’
926 1539 977 1604 De
1001 1539 1072 1606 ben.
1092 1542 1130 1624 V,
1146 1543 1220 1622 8..6,
1244 1541 1413 1627 ,aecipien-

299 1647 340 1712 do
373 1644 450 1725 dan,
487 1641 593 1708 dando
628 1640 768 1726 accipio*
806 1640 871 1707 'Ad
897 1640 991 1709 Holv.
1019 1641 1059 1708 de
1096 1662 1185 1711 cons.
1215 1647 1263 1712 10.
1288 1648 1319 1729 3,
1347 1665 1412 1729 ,vo-

298 1753 399 1832 munt,
414 1753 449 1814 ut
469 1744 577 1824 edant,
593 1742 701 1824 edunt,
718 1749 751 1810 ut
766 1744 916 1809 vomant!
962 1743 1012 1809 De
1035 1744 1125 1811 elem.
1149 1748 1173 1830 1,
1197 1748 1246 1816 12.
1269 1750 1300 1832 4,
1323 1747 1413 1828 ,invi-

299 1869 354 1920 sus
384 1849 435 1928 eit,
464 1846 540 1930 quia
569 1844 706 1922 fimatur,
737 1845 843 1913 timeri
872 1845 950 1926 vult,
972 1845 1048 1928 qnia
1070 1846 1193 1916 invisus
1215 1850 1285 1917 est!
1316 1848 1412 1915 -Diat

299 1952 343 2036 ΙΙ,
357 1954 387 2018 2.
402 1953 432 2033 2,
456 1968 571 2034 ,neque
594 1947 679 2014 enim
695 1947 775 2014 Cato
796 1954 869 2032 post
890 1947 1071 2020 libertatem
1093 1949 1174 2018 vixit
1196 1971 1256 2018 neo
1284 1950 1413 2019 libertae

300 2060 373 2138 pont
387 2051 560 2122 Catonem?
604 2051 655 2117 De
676 2049 747 2116 ben.
767 2051 823 2134 IV,
844 2051 895 2116 21.
917 2051 948 2131 3,
970 2069 1079 2136 ,saepe
1103 2053 1188 2120 enIm
1211 2060 1244 2119 et
1266 2055 1321 2138 qni
1342 2074 1413 2138 gra·
1452 2133 1455 2139 y

300 2156 378 2222 tiam
408 2153 527 2238 retulit,
556 2153 701 2238 ingratus
729 2160 779 2220 est
808 2152 922 2237 etqui
952 2172 1016 2219 non
1045 2153 1155 2220 retulit
1181 2159 1314 2242 gratus!
1362 2156 1414 2222 De

300 2260 362 2327 ben
383 2257 438 2340 IV,
453 2258 503 2324 24.
518 2258 550 2339 2,
569 2255 625 2320 Ille
641 2255 787 2339 ingratus
810 2262 870 2339 est,
886 2256 1034 2338 quamvis
1056 2278 1120 2328 non
1150 2262 1305 2344 oporteat,
1336 2257 1414 2342 quia

301 2358 440 2445 expedit,
462 2357 515 2423 hic
530 2355 642 2442 gratus
658 2365 717 2438 est,
740 2358 889 2444 quamvis
911 2377 975 2424 non
992 2359 1152 2444 expediet,
1175 2360 1253 2445 quia
1266 2363 1412 2444 oportet!

301 2460 350 2526 Os.
380 2460 440 2546 Ep.
469 2458 547 2542 1,3.
575 2461 607 2543 6,
640 2460 667 2541 Ι,
692 2462 740 2528 10.
763 2461 793 2545 5,
823 2459 945 2544 VII,1.
969 2462 998 2542 1,
1031 2461 1070 2544 Χ,
1093 2464 1121 2528 2.
1144 2464 1195 2543 29,
1219 2461 1305 2536 XIV,
1334 2465 1361 2528 1.
1385 2463 1414 2546 8,

301 2564 338 2646 V,
360 2565 390 2630 4.
415 2563 463 2644 11,,
485 2562 542 2643 XI,
570 2565 601 2629 2.
619 2565 673 2648 29,
687 2563 774 2645 XIV,
798 2566 825 2629 1.
841 2564 872 2647 8,
887 2562 955 2638 XV,
977 2565 1008 2629 2.
1031 2564 1061 2642 Ι,
1083 2563 1204 2647 XVIII,
1228 2567 1257 2632 1.
1279 2566 1329 2630 26.

385 2664 469 2732 Sono
492 2664 612 2751 pariter
648 2665 777 2732 cedenti
812 2665 980 2751 aptissime
1002 2665 1137 2733 inservit
1167 2685 1216 2746 eo,
1254 2674 1289 2733 ut
1318 2666 1415 2732 alieni

301 2767 383 2848 voni,
405 2766 504 2834 nullis
526 2766 600 2834 aliis
622 2767 729 2834 verbis
751 2768 960 2854 Interpositis,
983 2768 1120 2835 eandem
1143 2776 1294 2854 apponat.

386 2871 437 2936 De
460 2871 545 2938 brev.
569 2870 625 2937 vit.
649 2872 698 2937 17.
721 2870 751 2951 5,
788 2869 918 2952 ,excitat
939 2870 1147 2938 ambitionem
1169 2872 1320 2938 ambitio!
1367 2873 1416 2938 De

302 2976 371 3042 ben.
395 2975 438 3057 II,
461 2978 512 3042 31.
534 2972 565 3058 5,
601 2973 733 3054 ,suffieit
753 2973 880 3041 animus
910 2973 1035 3040 animo!
1086 2974 1135 3040 De
1158 2976 1228 3041 ben.
1251 2975 1306 3058 IV,
1333 2977 1362 3041 4.
1389 2977 1415 3055 1,

302 3077 477 3158 ,benefieiis
499 3076 655 3146 beneficia
676 3074 846 3144 vinoendi’
894 3077 954 3160 Ep.
977 3075 1081 3161 XVII,
1105 3079 1134 3142 2.
1160 3079 1207 3158 ll,
1230 3079 1342 3158 ,bonos
1364 3077 1416 3144 bo-

302 3201 363 3247 nus
374 3180 520 3266 judieat!
548 3178 633 3246 Dial.
648 3177 676 3260 Ι,
693 3181 720 3246 1.
736 3179 767 3258 5,
784 3178 879 3262 ,bona
893 3178 986 3245 bonis
1002 3180 1159 3246 noceant!
1181 3179 1266 3245 DiaI.
1282 3181 1310 3262 Ι,
1323 3182 1371 3248 12.
1387 3182 1417 3262 4,

303 3282 481 3362 ,contrariis
517 3283 550 3347 in
583 3281 741 3350 eontraria
768 3280 893 3366 agitur!
951 3281 1002 3346 Ad
1024 3281 1120 3348 Maro.
1143 3281 1183 3349 de
1205 3301 1292 3350 cons.
1313 3284 1365 3349 26.
1386 3284 1417 3361 4,

303 3385 435 3466 ,classes
458 3383 617 3451 classibus
639 3383 764 3470 trangi’
812 3383 864 3450 Ad
892 3384 984 3450 Helv.
1007 3384 1048 3450 de
1080 3405 1168 3452 cons.
1199 3388 1248 3452 13.
1272 3389 1300 3466 7,
1333 3407 1417 3460 ‚oon-

303 3486 454 3553 tnmeliao
477 3486 539 3571 ipsi
562 3487 788 3554 oontumeliam
810 3485 936 3554 faeere!
980 3487 1040 3572 Ep.
1063 3488 1118 3568 IV,
1142 3490 1169 3554 1.
1192 3491 1224 3571 3,
1247 3508 1319 3570 ,neo
1341 3487 1419 3554 deti·

303 3590 442 3658 cientem
465 3588 612 3673 quamvis
635 3587 822 3656 definiatur!
864 3587 951 3656 DiaI.
973 3590 997 3670 Ι,
1020 3591 1050 3656 6.
1072 3589 1104 3671 5,
1132 3610 1205 3672 ,555
1230 3590 1419 3674 5551515Ιί-

304 3692 400 3759 oitote
437 3690 576 3757 felicitae
609 3698 721 3757 nostra
757 3691 825 3759 est'
883 3692 943 3778 Ep.
966 3692 1070 3773 XVII,
1092 3695 1121 3759 3.
1147 3694 1174 3774 l,
1207 3691 1266 3772 ,Ab
1288 3690 1419 3757 homine

199 3817 202 3824 ·
303 3793 443 3862 homini!
500 3792 737 3876 11151112,
770 3792 942 3878 ,hominem
976 3794 1156 3861 hominibus
1184 3793 1420 3879 praepositum!

305 3898 355 3964 De
378 3896 472 3964 olem.
494 3898 520 3978 I,
542 3898 569 3962 1.
591 3898 622 3981 5,
644 3915 750 3981 ‚nemo
773 3916 854 3964 unns
876 3897 969 3964 homo
993 3895 1047 3962 uni
1069 3894 1209 3962 homini!
1252 3896 1303 3962 De
1325 3898 1419 3964 olem.

305 4001 347 4084 II,
376 4001 403 4065 1.
430 4002 461 4082 2,
503 3998 641 4082 ,invitus
689 3998 810 4065 invito.²
880 3999 965 4066 DiaI.
998 4000 1040 4082 ΙΙ,
1068 3999 1098 4063 4.
1128 3999 1156 4078 7,
1202 3997 1320 4079 ,laedit
1369 4017 1418 4077 eo,

306 4102 389 4186 qnod
437 4102 595 4170 laeditur!
667 4102 717 4167 De
753 4108 790 4168 tr.
828 4121 879 4168 an.
916 4104 946 4170 5.
976 4105 1007 4182 3,
1046 4100 1242 4179 ,libertatem
1287 4101 1418 4168 libertae

200 4223 204 4234 ·
305 4225 370 4276 non
393 4205 483 4274 tulit!
526 4206 584 4297 Ep.
610 4205 695 4286 XIV,
722 4208 748 4273 1.
779 4207 808 4290 1,
837 4225 964 4292 ,magna
993 4223 1181 4290 magnorum
1213 4202 1418 4295 ignorantia'

571 4614 947 4789 „A-
