3182 5026
836 339 878 404 60

300 526 474 612 particulas
497 523 596 610 „sed“
624 531 655 591 et
677 523 752 606 „at“
775 521 958 604 discrimen,
980 527 1121 607 apparet,
1144 527 1180 586 ut
1204 517 1302 602 „sed“
1324 537 1417 603 sepa·

300 626 413 713 raudo,
450 628 526 711 „at“
547 625 751 693 annectendo
787 624 868 690 (luas
904 645 956 692 res
984 624 1046 690 sibi
1070 629 1220 709 opponat.
1264 621 1299 688 81
1320 621 1418 706 igitur

303 731 429 798 Seneca
451 730 512 814 Ep.
534 731 605 810 VII,
628 730 658 796 6.
680 731 710 810 2,
732 746 807 812 ,uon
830 729 1024 814 praecepto',
1045 726 1158 811 inquit,
1180 733 1235 811 „at
1249 723 1418 809 exemplo“

302 832 485 918 exemplum
527 829 762 917 quodammodo
794 828 884 895 vocis
924 828 1147 896 antecedentis
1184 826 1418 910 incrementum

300 942 472 1022 praecepto
505 932 687 1018 opponitur,
720 950 823 1017 neque
852 950 928 998 vero
949 931 1137 1016 exprimitur
1156 930 1294 996 alterum
1316 928 1419 993 altero

302 1036 439 1104 excludi.
498 1035 560 1115 Qui
587 1034 696 1120 purius
720 1034 872 1113 scribunt,
900 1034 952 1100 ubi
980 1035 1049 1100 sire
1071 1033 1134 1118 ipsi
1157 1031 1217 1098 sibi
1240 1035 1418 1112 occurrunt,

301 1138 372 1207 sive
386 1139 528 1205 alienam
541 1137 724 1222 opinionem
737 1136 884 1220 afferunt,
907 1133 998 1219 quasi
1021 1136 1059 1217 is,
1082 1135 1136 1220 qui
1153 1133 1342 1218 obloquitur,
1365 1131 1419 1196 arl-

302 1243 354 1327 sit,
391 1239 584 1308 sententiam
621 1258 700 1306 suae
735 1237 929 1304 contrarium
965 1257 1050 1320 esse,
1093 1237 1277 1322 significare
1313 1233 1420 1300 solent

302 1342 462 1429 particula
483 1346 567 1428 ,ιιι
626 1341 750 1410 Seneca
776 1341 837 1406 bac
859 1340 939 1424 lege,
967 1358 1052 1425 quae
1073 1359 1113 1406 ex
1135 1338 1316 1407 urbanitate
1339 1353 1418 1420 qua-

302 1444 378 1511 dam
392 1443 537 1530 profecta
559 1442 876 1527 ildetur,'neglecta,
899 1442 1057 1528 particula
1080 1442 1202 1524 „sed“
1225 1437 1419 1508 sententiam

301 1547 443 1614 alienam
464 1567 529 1614 non
546 1545 640 1613 modo
661 1545 804 1631 opponit,
825 1544 885 1612 sed
904 1544 1022 1613 acriter
1042 1547 1082 1612 ab
1105 1564 1165 1612 aua
1186 1540 1336 1629 sejungit.

386 1649 446 1734 llp.
469 1647 497 1734 I,
519 1651 548 1716 6.
569 1647 602 1731 5,
639 1647 706 1728 ,sed
729 1647 932 1715 latrocinium
955 1647 1076 1732 aliquid
1105 1646 1192 1715 lecit.
1247 1643 1332 1724 Quid
1354 1662 1418 1709 me-

302 1750 389 1817 ruit?
410 1759 445 1818 ut
466 1749 704 1836 suspendatur:
724 1797 728 1805 .
745 1749 804 1836 lip.
827 1751 851 1834 Ι,
873 1753 903 1818 2.
925 1753 956 1836 4,
987 1750 1055 1834 ,sed
1079 1747 1246 1834 -inquis
1272 1785 1302 1796 -
1324 1743 1419 1813 modo

302 1854 387 1920 bunc
410 1852 504 1919 modo
529 1853 619 1920 illum
636 1851 786 1919 evolvere
800 1853 892 1920 volo!
926 1854 985 1938 Ep.
1001 1853 1085 1933 VIII,
1103 1853 1130 1918 1.
1147 1854 1197 1933 17,
1220 1849 1289 1931 ,sed
1310 1867 1419 1935 quem-

302 1954 473 2023 admodum
495 1954 605 2022 ueniet
624 1955 660 2021 iu
682 1955 853 2021 mentem?
896 1955 948 2023 Cf.
970 1953 1031 2042 Ep.
1053 1955 1141 2040 VIII,
1164 1958 1194 2022 2.
1216 1956 1247 2038 9,
1270 1953 1326 2038 IX,
1342 1954 1373 2019 2.
1388 1953 1419 2036 9,

301 2057 387 2140 XIV,
409 2062 439 2124 4.
457 2060 512 2125 17.

384 2159 496 2244 Longe
524 2159 671 2246 plurimIs
699 2159 780 2228 locis
803 2160 873 2245 ipae
903 2161 964 2228 sibi
991 2159 1128 2229 occurrit
1154 2179 1234 2226 voce
1260 2155 1418 2245 „lnquli“

302 2261 440 2328 orationi
461 2257 662 2347 interposita,
695 2262 741 2328 ita
763 2269 807 2348 ut,
843 2283 938 2347 quum
966 2283 1030 2330 nun
1052 2261 1214 2348 pertineat
1235 2260 1276 2327 ud
1298 2267 1419 2327 certam

302 2382 484 2449 personam,
507 2363 657 2431 similiter
679 2371 774 2447 atque
796 2365 1006 2452 imperativus
1029 2369 1156 2451 „puta“,
1192 2363 1283 2431 vorbi
1304 2369 1420 2429 natura

302 2465 431 2548 amissa,
454 2466 680 2534 adversativae
702 2467 879 2551 particulae
902 2468 1043 2554 speciem
1066 2465 1200 2534 induere
1222 2465 1378 2533 rideatur.

384 2569 446 2653 Ilp.
467 2568 558 2650 XIII,
582 2570 610 2634 1.
632 2570 663 2648 2,
700 2569 798 2652 ,nibil,
828 2569 939 2655 inquit,
975 2570 1048 2638 volo
1085 2569 1242 2655 derogare
1274 2569 1420 2654 legibus?

302 2669 352 2736 of.
375 2670 435 2755 llp.
457 2671 545 2752 XIII,
568 2673 596 2737 3.
618 2673 670 2752 29,
702 2670 794 2755 XIII,
816 2670 846 2739 3.
870 2674 921 2754 12,
947 2671 1040 2756 XIII,
1060 2674 1090 2739 3.
1113 2674 1165 2754 28,
1197 2674 1287 2755 XIII,
1311 2676 1340 2740 2.
1363 2675 1415 2754 32,

301 2771 371 2857 XV,
393 2775 424 2840 3.
447 2775 477 2854 6,
500 2773 586 2858 XVI,
607 2777 638 2841 4.
661 2774 713 2857 28,
734 2772 835 2857 XVII,
857 2775 887 2841 2.
908 2774 938 2856 8,
960 2773 1063 2860 XVII,
1085 2778 1115 2842 2.
1138 2777 1189 2862 12,
1211 2774 1314 2857 XVII,
1335 2777 1366 2843 2.
1386 2776 1417 2860 8,

301 2875 418 2959 XVIII,
441 2878 471 2943 6.
494 2877 524 2961 8,
546 2875 667 2956 XVIII,
689 2877 718 2942 6.
741 2879 771 2943 9.
837 2919 840 2926 ι

386 2978 532 3066 ‚arunte
586 2978 757 3064 Duplicem
793 2979 878 3065 apud
914 2978 1071 3047 Senecam
1107 2981 1286 3066 particulae
1325 2999 1417 3048 usum

302 3080 584 3166 deprehendimus.
641 3083 706 3147 Aut
741 3081 992 3166 propositionem
1020 3082 1175 3150 minorem
1205 3083 1321 3171 majori
1343 3083 1418 3149 sub·

298 3181 457 3268 jungit—
469 3183 526 3268 Ep.
549 3185 617 3269 XV,
632 3186 661 3251 2.
677 3185 730 3267 44,
746 3183 784 3264 ,si
800 3183 934 3269 imperio
948 3183 1122 3268 proficitur,
1139 3193 1172 3253 et
1185 3185 1418 3269 admonitione,

303 3288 389 3373 atqui
412 3287 577 3374 proficitur
599 3286 745 3374 imperio,
769 3305 845 3372 ergo
860 3293 893 3351 et
906 3284 1144 3354 admonitione!
1185 3289 1244 3374 ΙΙΙ).
1258 3288 1327 3373 XV,
1342 3290 1372 3356 3.
1387 3290 1419 3372 6,

303 3389 342 3472 ,si
382 3389 528 3474 honesta,
565 3389 668 3473 inquit
690 3439 698 3456 .
722 3439 761 3456 ..
800 3387 888 3472 atqui
924 3386 1013 3467 illud,
1050 3398 1188 3474 ergoet
1221 3390 1300 3456 boc!
1356 3390 1418 3477 Ep.

302 3492 371 3577 XV,
391 3494 422 3558 3.
448 3494 496 3572 15,
520 3493 653 3572 ,Omnes
676 3542 683 3558 .
707 3545 713 3558 .
737 3541 745 3556 .
768 3509 971 3576 possumus.
994 3544 1000 3558 .
1024 3542 1032 3560 .
1054 3493 1143 3577 atqui
1167 3511 1419 3578 ...possumus,

303 3594 389 3679 ergo’
412 3631 450 3643 -
474 3601 529 3661 aut
553 3600 587 3660 ut
607 3603 751 3660 nostrum
774 3593 853 3676 „uub
874 3593 952 3677 tuq¹
989 3595 1034 3660 rei
1062 3603 1135 3662 ante
1156 3593 1339 3662 affirmatae
1360 3595 1419 3660 ali·

303 3696 380 3782 quid
402 3695 544 3783 opponit.
570 3697 634 3764 -01,
658 3697 719 3781 Ep.
740 3695 808 3777 XV,
828 3697 860 3763 3.
884 3697 936 3778 60,
959 3695 1043 3778 XVI,
1066 3701 1096 3764 4.
1119 3699 1170 3766 30.

386 3800 472 3867 Usus
487 3799 670 3885 frequentia
684 3800 734 3866 his
749 3799 905 3884 exemplis
920 3797 1111 3866 illustretur:
1133 3799 1194 3885 Ep.
1208 3801 1308 3886 XVII,
1322 3804 1350 3869 2.
1367 3803 1418 3883 10,

303 3903 371 3986 XV,
393 3905 423 3970 3.
446 3904 497 3983 20,
532 3903 617 3986 XIV,
643 3905 673 3970 4.
696 3903 747 3982 26,
776 3901 863 3987 xlv,
885 3903 916 3969 4.
936 3901 989 3985 25,
1011 3901 1080 3983 XV,
1101 3903 1130 3968 2.
1151 3905 1203 3985 21,
1225 3902 1293 3986 XV,
1314 3905 1345 3971 2.
1366 3903 1418 3988 50,

303 4005 390 4090 ΧΙΙΙ,
413 4008 442 4072 3.
464 4007 495 4090 5,
537 4006 576 4072 N.
607 4029 638 4090 q.
668 4004 695 4091 I,
723 4005 752 4071 5.
781 4008 831 4088 11,
879 4005 905 4089 Ι,
928 4005 958 4070 3.
982 4007 1011 4087 7,
1061 4005 1139 4088 Ι,9.
1164 4006 1213 4086 18,
1256 4007 1309 4087 ΙΙΙ,
1334 4008 1364 4073 3.
1389 4007 1418 4090 1,

303 4109 357 4189 IV,
380 4111 409 4175 3.
432 4111 463 4193 2,
500 4109 551 4174 De
574 4108 658 4175 brev.
681 4107 736 4174 vir.
761 4110 808 4176 10.
830 4111 861 4189 4,
897 4108 949 4173 De
972 4106 1026 4172 vit.
1048 4107 1131 4172 beat.
1155 4109 1183 4174 1.
1206 4110 1236 4193 3,
1272 4109 1323 4175 De
1345 4109 1418 4177 ben.

302 4210 345 4297 II,
359 4211 409 4278 24
427 4213 455 4293 1,
475 4208 538 4298 ΙΙΙ,
555 4210 604 4277 18.
619 4211 649 4293 3,
672 4208 735 4296 III,
748 4211 799 4278 22.
815 4213 845 4296 3,
862 4208 931 4295 ΙΙΙ,
946 4210 996 4276 29.
1013 4210 1045 4294 8,
1069 4209 1122 4288 IV,
1140 4211 1190 4278 11.
1204 4211 1234 4295 3,
1250 4209 1306 4295 IV,
1324 4213 1371 4282 11.
1386 4213 1417 4297 5,
