3182 5026
826 340 868 405 56

289 529 347 613 IIp.
369 527 427 610 IX,
443 529 472 594 2.
488 529 518 608 3,
542 546 617 608 ,non
631 525 736 591 solnm
751 523 866 591 --sed
882 524 996 591 etiam’
1026 524 1077 591 ef.
1090 525 1141 592 De
1156 525 1227 592 ben.
1243 525 1298 611 IV,
1309 527 1362 594 30.
1377 527 1409 609 3,

289 630 350 716 Ep.
372 630 428 710 IX,
451 631 481 696 2.
504 631 534 710 3,
557 648 633 712 ,non
656 647 767 694 verum
789 665 829 678 -
853 627 911 694 sed
934 627 1052 696 etiam!

375 749 459 820 „uon
481 731 591 802 auium
613 767 656 778 -—
678 730 775 800 sed“:
798 731 855 815 Ep.
878 729 948 814 XV,
961 733 991 797 3.
1007 733 1058 813 30,
1081 752 1156 812 ,nen
1180 730 1330 817 privatim
1354 750 1407 798 so·

289 837 357 902 lum
378 875 416 885 -
441 833 499 902 sed
521 830 667 918 publice?
710 831 762 898 Ad
777 833 874 898 Marc.
898 831 939 899 de
954 853 1042 902 cons.
1058 837 1109 902 26.
1126 836 1156 918 6,
1179 853 1250 916 ,nee
1272 832 1407 900 humini-

289 937 474 1006 busseium
496 933 554 1004 sed
576 934 676 1000 lueis)

374 1056 459 1127 „nou
487 1035 617 1109 tantum
640 1037 764 1107 -ssi
796 1035 963 1122 quoquest
1001 1036 1063 1122 Ep.
1084 1037 1190 1119 XVII,
1212 1039 1241 1104 2.
1262 1037 1294 1116 4,
1332 1055 1407 1119 ,nun

289 1142 351 1211 hoc
372 1149 496 1210 tanturn
518 1139 577 1206 sed
599 1140 665 1206 alia
688 1138 836 1223 quoque.⁹
881 1136 943 1222 Ep.
962 1139 1082 1223 XVIII,
1103 1141 1136 1209 5.
1158 1142 1211 1224 20,
1240 1158 1316 1223 ,uon
1339 1145 1409 1204 tan-

290 1253 356 1314 tum
379 1244 534 1312 coelestia
556 1241 614 1310 sed
637 1241 792 1308 animalia
814 1242 958 1324 quoqne!
1287 1323 1292 1330 .

373 1346 509 1413 Mirifice
549 1344 691 1413 omniurn
736 1362 829 1409 usum
859 1350 1033 1428 exsuperat
1075 1357 1167 1430 „uun
1201 1341 1330 1418 Iunium
1367 1379 1408 1391 -

290 1451 396 1534 sed“,
432 1469 528 1534 quam
563 1447 736 1514 formulam
757 1445 797 1511 ab
820 1446 948 1512 Seneca
980 1444 1132 1514 dilectam
1159 1464 1243 1527 esse,
1279 1444 1409 1531 plurimi

289 1553 353 1621 luci
374 1544 596 1620 manifestant:

374 1655 435 1739 Ep.
458 1654 502 1733 II,
523 1654 554 1718 4
577 1653 606 1732 8,
637 1670 712 1733 ,uon
735 1658 858 1722 tuntum
882 1653 1001 1720 habere
1027 1650 1158 1719 divitias
1181 1649 1408 1718 35655155τοῖ

290 1757 505 1842 sp.1,6.1‚
542 1775 616 1837 ,non
649 1755 815 1823 emendari
855 1775 906 1823 me
942 1762 1067 1824 tantum
1088 1753 1146 1822 sed
1168 1750 1408 1838 transfigurari)

290 1860 352 1946 Ep.
373 1858 461 1942 XVI,
481 1860 512 1926 2.
534 1859 588 1942 20,
625 1879 700 1940 ,non
736 1877 872 1944 pronum
909 1867 1033 1926 tantum
1055 1855 1113 1924 sed
1140 1854 1315 1942 praeceps!
1360 1853 1409 1922 cf.

290 1960 351 2046 Ep.
372 1960 441 2043 XV,
466 1962 495 2028 3.
520 1961 570 2042 72,
612 1961 728 2042 XVIII,
753 1963 782 2026 1.
805 1964 835 2048 8,
878 1963 904 2045 Ι,
927 1964 959 2031 6.
981 1963 1011 2041 6,
1052 1958 1110 2039 ΙΙΙ,
1135 1960 1163 2024 1.
1185 1958 1216 2039 5,
1259 1957 1302 2041 Π,
1325 1957 1354 2023 8.
1377 1957 1409 2036 4,

290 2065 316 2142 Ι,
340 2065 369 2130 8.
390 2065 420 2146 2,
457 2063 517 2143 ΙΙΙ,
542 2063 568 2128 1.
590 2064 621 2143 2,
658 2064 719 2145 ΙΙΙ,
742 2065 771 2130 3.
801 2065 851 2145 13,
886 2064 924 2148 V,
947 2065 997 2131 12.
1021 2064 1050 2147 7,
1079 2062 1116 2143 V,
1138 2062 1169 2129 4.
1193 2061 1222 2142 7,
1244 2059 1281 2139 V,
1307 2059 1356 2124 11.
1380 2061 1409 2138 7,

290 2159 348 2248 ΙΧ,
370 2166 400 2231 3.
422 2165 453 2245 4,
486 2165 524 2231 N.
548 2184 577 2250 q.
598 2166 638 2245 ΙΙ,
662 2167 763 2248 104,
801 2167 856 2253 ΙΙΙ,
877 2169 928 2236 25.
951 2167 980 2252 8,
1011 2166 1067 2250 IV,
1090 2165 1140 2233 15.
1164 2166 1195 2245 2,
1223 2163 1272 2228 De
1295 2167 1333 2227 tr.
1356 2179 1409 2226 un.

290 2269 320 2333 9.
342 2267 373 2351 3,
394 2264 456 2332 Ad.
480 2267 573 2334 Helu.
596 2267 636 2334 de
659 2288 747 2336 ecus.
772 2271 821 2337 10.
846 2270 895 2352 10,
919 2270 969 2336 De
992 2268 1084 2338 clem.
1107 2267 1151 2352 ΙΙ,
1173 2265 1204 2334 5.
1220 2266 1250 2350 3,
1272 2263 1297 2344 Ι,
1315 2263 1364 2330 11.
1379 2264 1409 2345 4,

374 2470 517 2538 Puricris
540 2469 697 2538 sermonis
719 2493 831 2541 norma
851 2495 915 2542 non
938 2472 1088 2544 videntur
1117 2469 1274 2537 contineri
1302 2467 1410 2554 hujus·

292 2573 378 2640 modi
400 2571 572 2660 asyndeta:

374 2676 435 2762 Ep.
457 2675 543 2759 XIV,
568 2677 598 2744 3.
622 2679 672 2760 11,
694 2697 770 2762 ,nun
792 2683 916 2747 tantum
940 2696 1038 2770 manu
1060 2676 1148 2743 facta
1168 2674 1318 2742 labuntur
1340 2726 1347 2740 .
1370 2722 1379 2739 .
1403 2723 1411 2739 .

288 2778 370 2865 juga
406 2779 561 2846 montium
598 2778 768 2849 diffluunt.¹
834 2780 895 2867 Ep.
927 2779 996 2862 XV,
1023 2780 1053 2846 2.
1087 2780 1135 2864 19,
1173 2798 1247 2861 ,non
1283 2781 1410 2843 tantum

293 2887 392 2962 curat,
416 2882 514 2948 etiam
537 2881 665 2949 monet!

365 2984 488 3072 Verbis
525 3005 631 3070 „uon
665 2985 1008 3053 tantummodo-
1038 2983 1110 3053 sed
1139 2981 1287 3052 etiam“
1324 2979 1412 3068 prior

292 3084 529 3155 enunciatienis
550 3107 627 3173 pars
650 3085 756 3155 aerius
777 3087 943 3173 premitur.

374 3187 425 3254 Ad
451 3189 561 3275 Polyb.
592 3189 633 3257 de
664 3211 751 3258 cons.
776 3192 824 3258 15.
846 3191 876 3274 3,
914 3209 989 3272 ,nun
1017 3188 1163 3278 gentium
1190 3188 1412 3256 tantummodo

294 3295 509 3371 externarum,
533 3291 711 3360 sedetiam
735 3343 742 3360 .
769 3344 777 3360 .
801 3295 819 3360 .’
862 3292 914 3358 De
935 3291 971 3358 ir.
994 3291 1042 3377 11,
1064 3293 1093 3359 4
1113 3293 1143 3377 8,
1166 3312 1237 3378 ,uec
1259 3291 1320 3359 hoc
1342 3301 1411 3360 tan·

291 3391 454 3467 tummodc
476 3392 652 3463 levioribus
675 3395 826 3463 remediis
849 3395 935 3477 licet,
957 3394 1016 3462 sed
1039 3394 1135 3463 etiam
1158 3444 1168 3465 .
1190 3451 1199 3470 .
1221 3396 1240 3461 .'

375 3493 449 3560 Jam
462 3497 674 3580 proprietates
688 3497 852 3583 quasdam,
868 3515 952 3583 quae
967 3497 1000 3564 in
1015 3497 1247 3583 particularum
1262 3496 1410 3583 „mudu“

292 3603 324 3664 et
346 3594 532 3682 „iuuiuffl
554 3617 614 3665 usu
637 3609 818 3678 cernuntur,
840 3599 1056 3686 proteramus:

372 3700 471 3767 Prout
493 3699 628 3768 ablativi
650 3703 787 3786 „m0d0“
809 3710 958 3770 naturam
984 3702 1241 3788 interpretamur,
1278 3710 1408 3771 autres

291 3804 336 3870 ita
357 3803 570 3890 restringitur,
606 3810 650 3890 ut,
685 3806 759 3874 aliis
789 3807 883 3874 rebus
913 3803 1058 3888 seclusis,
1094 3803 1294 3890 significetur
1321 3825 1407 3891 „uon

289 3905 379 3973 alind
395 3915 522 3992 quam“,
544 3913 600 3974 aut
621 3920 755 3993 accepta
776 3907 945 3976 indefinite
968 3906 1101 3974 ablativi
1122 3914 1247 3993 natura,
1270 3908 1316 3974 rei
1339 3929 1405 3974 am-

290 4009 383 4094 bitus,
406 4009 552 4076 omnibus
575 4009 721 4096 ejusdem
748 4009 877 4094 generis
907 4007 1159 4096 comprehensis,
1183 4010 1310 4096 longius
1332 4031 1403 4097 pro·

290 4111 401 4178 fertur.
444 4111 670 4180 Restrictivam
693 4112 783 4178 illam
804 4111 880 4199 vim,
915 4130 1061 4198 quares,
1098 4111 1140 4178 ud
1162 4121 1282 4182 certam
1304 4113 1403 4180 ratio·

289 4233 364 4280 nem
386 4213 524 4300 reducta,
559 4215 599 4282 ab
636 4212 781 4287 omnibus
813 4214 887 4286 aliis
921 4219 1099 4302 separatur,
1134 4216 1220 4303 apud
1248 4215 1401 4284 Senecam
