3182 5026
503 237 560 284 A..

726 373 764 438 17

184 565 381 653 superfluum
404 563 455 647 sit,
478 538 624 628 Senecae
647 556 808 642 propriam
829 556 880 622 his
909 554 1065 639 exemplis
1088 553 1302 638 comprobari:

184 670 236 734 Dc
259 669 331 734 ben.
354 667 392 750 V,
413 665 444 731 5.
466 667 496 748 3,
533 683 607 747 ,nou
645 666 696 726 est
730 666 838 725 tamen
867 665 960 743 turpe
986 655 1072 724 vinci
1094 654 1303 722 beneficiisa

185 778 330 856 pareutc.
374 767 494 848 Quidni
516 765 637 832 nonsit
651 769 752 847 turpe,
775 780 869 846 quum
892 760 1023 826 anullo
1045 759 1115 826 sit?
1160 759 1211 824 De
1232 758 1302 823 ben.

186 873 224 948 V,
249 874 298 939 25.
320 873 351 955 2,
376 889 451 954 ,uon
474 865 607 934 memini
628 863 738 948 inquit,
761 863 835 949 quid
858 862 984 928 luerim.
1032 863 1082 928 Ab
1104 861 1165 928 hoc
1192 859 1304 944 quidni

189 972 378 1040 beneficium
401 992 466 1038 uon
490 977 579 1036 essct
598 965 837 1053 repetendum?
882 962 1018 1033 Constat
1031 965 1171 1050 quidem,
1188 965 1303 1032 floren·

188 1078 227 1144 tis
250 1076 382 1160 linguae
405 1073 578 1157 scriptores
600 1068 737 1153 simplici
760 1087 839 1134 voce
872 1068 914 1134 ad
937 1067 1057 1152 aliquid
1078 1067 1304 1135 affirmandum

186 1200 243 1247 acu
266 1174 520 1246 asseverandum
553 1178 720 1239 contentos
751 1171 864 1255 fuisse,
901 1171 1096 1255 posteriores
1129 1189 1215 1255 vero,
1241 1172 1304 1254 pri-

187 1283 272 1349 stina
315 1277 521 1364 simplicitate
563 1276 700 1357 amissa,
748 1273 787 1338 ad
824 1281 987 1339 strenuam
1024 1293 1192 1359 acremque
1228 1294 1306 1340 con-

187 1383 364 1448 tentionem
407 1378 623 1461 efficiendam,
681 1375 881 1442 alacritatem
932 1376 1092 1460 quandam
1135 1376 1306 1442 affectasse

189 1503 247 1550 seu
285 1482 397 1549 eadem
436 1502 515 1549 voce
552 1481 668 1548 iterata
705 1497 762 1544 seu
796 1478 918 1543 duabus
941 1477 1099 1546 similibus
1121 1478 1305 1563 geminatis.

189 1583 346 1652 Senecam
389 1584 432 1651 ad
475 1587 536 1653 hoc
572 1602 698 1669 quoque
733 1593 956 1648 ornamentum
1000 1581 1192 1648 rhetoricum
1234 1601 1306 1648 con-

187 1687 336 1766 currisse,
360 1687 414 1754 ubi
431 1686 612 1754 accuratius
627 1683 668 1750 dc
683 1683 849 1768 particulis
874 1683 1035 1769 agendum
1051 1684 1122 1770 erit,
1136 1705 1306 1770 exponam.
1417 1769 1419 1772 Ι

186 1790 258 1856 Huc
278 1788 486 1856 referendum
511 1795 608 1870 esset,
644 1786 689 1852 ai
710 1785 847 1872 „quidni
869 1788 954 1853 nou“
977 1786 1019 1852 ad
1045 1787 1209 1854 notionem
1233 1787 1306 1854 sim-

186 1892 282 1977 plicis
304 1891 482 1976 particulae
505 1891 658 1976 „quidui“
680 1890 861 1958 decederet.
919 1890 968 1955 Ab
995 1888 1225 1974 grammaticis,
1247 1889 1308 1956 hoc

187 1995 234 2059 ita
256 2013 340 2078 ease,
363 1993 552 2061 aiiirmatur.
608 1993 739 2062 Cunctis
762 1979 838 2059 vero
860 1991 940 2060 locis
962 1993 1117 2076 collectis,
1140 1991 1219 2058 mihi
1241 1994 1308 2076 qui-

189 2091 263 2161 dem
287 2097 386 2178 „uon“
409 2094 536 2162 ridetur
558 2117 622 2163 non
646 2115 719 2162 esse
741 2094 995 2162 additamentum
1018 2094 1221 2180 rhetoricum,
1244 2116 1307 2180 quo

191 2197 253 2280 vis,
278 2215 361 2279 qnae
384 2197 559 2280 particulae
582 2196 732 2282 ‚‚qnidni“
755 2197 849 2280 inest,
872 2203 1008 2279 augetur
1023 2196 1082 2262 sed
1096 2198 1193 2264 verbo
1210 2217 1306 2284 appo·

192 2299 300 2366 situm.
343 2298 392 2364 Dc
415 2298 501 2365 brar.
524 2300 578 2367 vit.
603 2303 631 2366 l.
656 2301 686 2383 l,
723 2299 842 2380 ,virere
865 2297 944 2363 mihi
974 2318 1039 2364 uon
1072 2299 1165 2383 licet,
1197 2299 1309 2383 quidni

190 2422 255 2468 non
277 2400 397 2467 liceat?
424 2419 537 2467 omnes
561 2400 618 2485 illi,
647 2401 703 2486 qui
725 2410 756 2468 te
778 2400 835 2467 tibi
858 2401 1025 2486 advocant,
1048 2401 1105 2468 tibi
1127 2401 1309 2469 abducunt!

192 2505 247 2586 (κ
269 2509 377 2586 „certe
399 2522 465 2568 non
487 2501 573 2589 licet,
596 2522 692 2589 quum
714 2523 824 2570 omnes
841 2551 850 2569 .
865 2554 873 2570 .
890 2553 898 2569 .
914 2502 1120 2590 abducant.“)
1163 2505 1215 2571 De
1238 2505 1308 2571 hen.

192 2604 231 2682 V,
254 2604 284 2670 5.
306 2585 361 2688 3,''“
373 2623 447 2687 ,nou
472 2615 521 2672 cst
556 2613 664 2672 tamen
687 2613 781 2691 turpe
813 2605 898 2672 vinci
934 2606 1098 2673 beneficiis
1121 2627 1141 2673 a
1165 2615 1308 2693 parente.

194 2704 313 2785 Quidni
335 2725 400 2771 nou
428 2706 471 2772 sit
494 2714 587 2793 turpe
610 2728 682 2775 cum
705 2727 725 2773 a
748 2709 837 2774 nullo
861 2707 912 2774 sit’
936 2709 992 2793 (=
1006 2728 1091 2792 „non
1107 2708 1309 2794 estturpe“).

193 2811 253 2896 Ep.
275 2812 302 2894 Ι,
324 2812 355 2878 6.
377 2812 407 2887 3,
430 2810 559 2892 ‚multos
580 2809 638 2876 tibi
662 2808 755 2894 dabo,
792 2810 844 2894 qui
873 2829 939 2876 non
961 2810 1065 2878 amico
1087 2811 1145 2878 scd
1167 2811 1311 2878 amicitia

192 2918 380 2990 carueruut;
415 2910 477 2977 hoc
504 2931 568 2977 nou
602 2917 710 2996 potest
746 2911 904 2997 accidere,
941 2933 1012 2978 curn
1049 2913 1175 2980 animos
1211 2966 1218 2981 .
1256 2964 1265 2982 .
1301 2960 1310 2981 .

193 3032 249 3098 par
292 3013 442 3079 voluutas
486 3013 594 3081 trahit.
652 3011 764 3097 quidni
807 3035 872 3081 uon
915 3014 1039 3100 possit?
1083 3014 1188 3082 sciunt
1225 3015 1310 3081 euim

195 3114 283 3198 ipsos
321 3113 428 3180 omnia
464 3115 585 3182 hahere
620 3116 802 3182 communia
837 3122 895 3205 (π
929 3137 1015 3201 „uon
1045 3118 1194 3202 potcst“).
1252 3117 1311 3202 Ep

193 3214 280 3294 XlV,
301 3216 333 3282 4.
355 3216 406 3300 23,
442 3217 565 3301 ,quidni
602 3238 666 3286 nou
704 3219 809 3304 possit
844 3221 939 3286 beata
972 3218 1040 3283 vita
1068 3218 1228 3286 rescindi?
1270 3239 1312 3285 ne

134 3369 137 3374 .
193 3317 314 3383 remitti
343 3316 470 3401 quidam
492 3322 609 3403 potcst’
632 3323 690 3406 (=
712 3342 797 3407 „nou
819 3328 948 3406 potest.
965 3371 995 3389 ..
1017 3321 1206 3407 resciudi“).
1251 3321 1311 3406 Ep.

191 3417 247 3500 IX,
269 3420 299 3484 3.
322 3418 375 3501 25,
409 3439 483 3502 ,nou
516 3419 596 3487 iacit
618 3470 625 3487 .
650 3471 659 3490 .
681 3474 689 3490 .
713 3423 943 3509 sapientiorem
967 3474 974 3489 .
997 3474 1004 3490 .
1027 3474 1035 3492 .
1058 3443 1135 3511 ergo
1156 3443 1218 3490 nec
1239 3422 1312 3490 bea·

192 3521 306 3587 tiorcm
330 3569 339 3586 .
364 3571 372 3587 .
395 3571 403 3587 .
428 3521 504 3604 quid
526 3524 624 3608 crgo?
659 3544 723 3592 non
747 3533 797 3593 est
825 3526 949 3592 beatior
975 3527 1150 3594 amicorum
1180 3533 1212 3593 et
1234 3526 1311 3591 libe-

194 3643 301 3688 rorum
337 3623 431 3689 turba
464 3625 654 3710 subcinctus,
698 3626 809 3710 quidni
837 3647 902 3694 nou
926 3628 991 3695 sit?
1031 3649 1189 3696 summum
1226 3629 1313 3694 euim

196 3726 311 3793 bonum
334 3745 398 3792 uec
418 3726 626 3813 infringitur.
644 3731 688 3800 .,.'
704 3732 761 3815 (τ-
782 3750 867 3814 „uon
884 3732 977 3816 ost“).
1021 3732 1084 3816 Ep.
1098 3731 1200 3815 XVII,
1215 3733 1245 3798 2.
1260 3733 1311 3812 30,

195 3829 314 3913 ,quidni
350 3849 416 3896 uon
452 3830 574 3913 timeat,
607 3803 667 3915 qui
696 3831 777 3896 mori
806 3832 946 3917 sperat?
991 3832 1047 3919 (=
1068 3853 1154 3918 „nou
1177 3834 1313 3914 timet‘t

194 3930 255 4015 Ep.
278 3931 317 4014 V,
340 3933 387 3999 12.
411 3934 461 4016 10,
497 3939 542 4016 ,ut
564 3932 691 4018 quidem
718 3934 872 4018 judicetis
900 3941 933 4000 et
963 3934 1077 4001 feratis
1102 3935 1143 4002 de
1178 3935 1311 4002 meliore

194 4032 394 4120 suffragium,
414 4033 527 4119 quidni
547 4055 612 4103 non
626 4035 832 4120 permittam?
853 4036 939 4122 apud
951 4036 1192 4122 Pythagoracos
1215 4037 1311 4103 disci-

193 4135 280 4221 pulis
314 4136 454 4222 qniuque
484 4137 579 4204 aunis
608 4136 777 4204 tacendum
803 4143 893 4206 erat’
938 4139 994 4227 (π
1009 4159 1093 4223 „uon
1116 4138 1311 4226 permitto“).

278 4237 348 4318 Qua
386 4240 510 4306 ratione
546 4238 719 4324 perductus
754 4242 863 4309 nescio
900 4262 941 4306 au
979 4240 1067 4307 locus
1110 4262 1210 4328 unus,
1251 4261 1314 4326 quo

1100 4351 1120 4412 2
