3182 5026
722 301 763 366 31

183 491 236 556 De
253 489 344 556 brev.
362 487 416 555 uit.
439 488 467 552 t.
492 488 543 570 10,
565 503 638 566 ,uon
662 493 712 552 ast
734 485 852 569 itaque,
867 485 951 569 qnod
966 498 1158 570 quemquam
1175 493 1303 572 propter

184 611 288 658 canos
311 598 366 656 aut
377 610 472 674 rugas
495 596 588 674 putes
601 589 654 655 diu
667 588 795 654 vixisse.
823 587 906 668 Quid
920 589 1016 671 euim,
1028 589 1055 654 si
1064 587 1156 656 illum
1169 589 1302 656 multum

186 702 285 780 putea
307 693 489 775 navigasse,
513 711 605 776 quem
628 709 728 756 saeva
750 696 927 774 tempestas
949 742 957 760 .
978 737 987 758 .
1008 693 1027 758 .'
1072 692 1130 776 Ep.
1154 692 1212 772 III,
1228 694 1257 758 2.
1273 693 1303 774 8,

188 797 298 879 ,ceteri
320 815 428 860 eorum
453 815 552 876 more,
574 813 656 877 quae
671 791 855 858 fluminibus
878 795 1036 878 innatant,
1058 812 1122 859 nou
1147 795 1303 860 suntsed
1411 857 1415 864 ,

189 901 340 981 feruntur,
377 918 417 964 cx
451 897 565 980 quibus
592 896 659 962 alia
694 896 796 962 lenior
835 895 922 961 unda
951 895 1089 962 detinuit
1113 917 1152 964 ac
1174 898 1303 964 mollius

190 1001 278 1084 vexit,
302 1001 370 1066 alia
393 1051 400 1067 .
424 1051 433 1068 .
457 1051 463 1065 .
488 999 594 1084 rapuit
616 997 781 1090 ...alin.
798 1047 830 1066 ..
854 999 1012 1084 deposuit,
1033 997 1099 1064 alia
1114 1057 1122 1074 ,
1139 1050 1168 1066 ,.
1192 999 1305 1084 ejecit!

187 1104 234 1170 cr.
260 1105 321 1187 up.
343 1105 389 1186 11,
412 1104 441 1167 r.
463 1101 611 1182 r‚1u,u.
629 1102 658 1182 r,
679 1091 746 1182 xv,
769 1102 797 1166 a.
821 1102 849 1180 r,
866 1102 915 1166 ne
932 1102 1002 1174 oen.
1018 1102 1059 1182 u,
1074 1103 1104 1168 4.
1119 1104 1148 1186 a,
1164 1104 1191 1185 1,
1208 1103 1256 1170 ro.
1275 1106 1303 1180 1.

270 1207 395 1290 Agmen
418 1203 570 1270 claudant
584 1201 811 1270 translationes
826 1204 946 1286 petitae
968 1224 1012 1269 ex
1035 1203 1142 1270 ludis
1165 1205 1303 1272 rebus·

182 1327 260 1390 qne
283 1306 330 1380 ad
353 1314 477 1372 artem
499 1305 797 1391 gymnasticam
827 1314 865 1370 et
893 1308 1071 1392 corporis
1100 1308 1303 1377 exercitia

187 1408 484 1493 spectantibus:
507 1407 566 1492 llp.
589 1408 710 1488 XVIII,
733 1409 763 1472 3.
788 1410 838 1489 11,
870 1409 1070 1490 ,latrunculis
1094 1408 1245 1493 ludimns;
1269 1410 1300 1476 in

188 1510 394 1598 supervacuis
417 1509 578 1576 subtilitas
602 1509 733 1576 teritur!
780 1509 840 1593 Ep.
863 1510 948 1590 XVI,
969 1512 1000 1578 3.
1023 1512 1052 1593 8,
1076 1555 1103 1594 ,.
1120 1561 1127 1582 .
1145 1561 1151 1578 .
1166 1513 1302 1597 petauri,

184 1633 246 1697 quo
274 1613 417 1682 hnmana
442 1612 629 1698 jactantur!
675 1613 726 1679 De
755 1615 840 1679 brev.
864 1612 919 1679 vit.
942 1615 971 1680 9.
993 1615 1024 1695 4,
1047 1633 1121 1696 ,non
1145 1615 1177 1680 in
1209 1635 1304 1682 cursu

181 1724 306 1784 tautum
329 1715 469 1799 circique
491 1716 667 1782 certamine
690 1715 747 1782 sed
774 1716 807 1781 in
837 1714 887 1782 his
908 1715 1024 1802 spatiis
1047 1716 1133 1783 vitae
1156 1717 1303 1784 interitus

181 1819 363 1886 flectendus
386 1820 457 1884 cst!
501 1819 552 1884 De
575 1819 645 1885 hen.
669 1820 713 1900 II,
739 1820 787 1885 17.
808 1820 840 1900 4,
877 1817 1042 1900 ,audacius
1062 1818 1163 1902 pilam
1200 1821 1303 1894 mitte-

180 1943 254 1988 mus
279 1973 287 1988 .
310 1971 318 1987 .
342 1973 349 1990 .
373 1921 402 1988 si
424 1941 497 1996 curn
520 1921 621 1989 tirone
644 1929 677 1989 et
698 1921 827 1990 indocto
851 1970 859 1987 .
880 1966 890 1988 .
913 1972 922 1986 .
946 1920 1031 1987 idem
1054 1920 1238 1988 iaciendum
1253 1931 1302 2007 est

182 2025 217 2089 in
241 2012 426 2090 beneficiis!
472 2023 522 2089 De
546 2025 617 2089 ben.
641 2022 678 2103 V,
701 2025 730 2090 3.
756 2025 784 2103 1,
807 2022 1063 2105 ,Lacedaemonii
1084 2030 1196 2090 vemnt
1226 2043 1301 2110 suos

186 2125 353 2208 pancratio
374 2134 430 2192 aut
451 2134 541 2193 cestu
564 2125 738 2192 decernere
761 2176 768 2192 .
793 2175 801 2194 .
824 2175 833 2194 .
855 2125 925 2190 Hoc
947 2175 954 2190 .
978 2175 986 2191 .
1009 2176 1017 2191 .
1040 2124 1142 2192 virtus
1165 2145 1203 2192 ac
1218 2126 1302 2192 bona

187 2227 337 2302 uoluntas
358 2229 506 2295 omnibns
529 2229 692 2312 praestat!
750 2228 801 2293 De
823 2227 894 2294 ben.
916 2230 954 2308 V,
976 2230 1007 2295 8.
1028 2230 1059 2308 4,
1095 2227 1203 2310 ,Utin
1225 2229 1301 2303 orbe

181 2351 220 2397 ae
243 2331 309 2416 pilo
330 2380 338 2396 .
362 2379 370 2395 .
393 2381 401 2398 .
425 2331 471 2408 ita
499 2330 531 2396 iu
562 2329 691 2396 homine
715 2379 722 2396 .
746 2379 753 2396 .
777 2331 795 2397 .’
853 2329 904 2395 De
934 2330 1026 2409 clem.
1049 2333 1075 2414 I,
1107 2335 1133 2400 1.
1160 2333 1189 2416 l,
1226 2333 1301 2410 ,Ma-

181 2449 279 2518 gnam
303 2433 414 2500 adibat
435 2434 541 2500 aleam
563 2432 701 2517 populus
722 2433 898 2514 Romanus,
929 2452 1000 2502 cnm
1023 2433 1179 2502 incertum
1202 2442 1299 2515 osset,

185 2554 248 2617 qno
276 2555 310 2601 se
336 2535 400 2602 ista
432 2542 486 2601 tua
512 2535 629 2602 nobilis
651 2533 777 2600 indoles
800 2533 911 2599 daret'
954 2533 1005 2599 De
1027 2533 1082 2601 vit.
1099 2537 1181 2603 beat.
1206 2538 1255 2616 1,,5.
1271 2539 1301 2620 6,

185 2637 462 2721 ,quemadmodnm
495 2657 612 2724 corpus
649 2638 681 2702 in
714 2636 850 2720 proclivi
879 2635 1010 2703 retineri
1042 2636 1153 2720 debet,
1188 2639 1300 2706 adver-

185 2759 239 2805 sus
261 2740 363 2807 ardua
386 2741 520 2826 impelli,
545 2741 591 2806 ita
613 2737 770 2822 quaedam
794 2738 928 2808 virtutes
952 2790 960 2806 .
984 2789 991 2806 .
1015 2740 1032 2805 .’
1103 2765 1104 2768 ’

267 2843 318 2909 Ad
341 2845 481 2910 auctoris
503 2842 737 2922 numidiarum
759 2841 885 2929 copiam
912 2842 1075 2909 transituri
1098 2861 1136 2908 eo
1161 2843 1300 2909 eontine-

185 2966 265 3027 mur,
307 2955 340 3012 ut
379 2947 510 3024 brevem
547 2965 680 3024 *vocunn
723 2961 803 3027 quae
844 2942 930 3029 apud
972 2945 1131 3012 Senecam
1172 2966 1300 3030 compar

184 3056 257 3114 rent
279 3048 475 3130 noviciae,
499 3047 638 3114 indicem
653 3064 877 3132 proponamus.
921 3046 1072 3112 Novicias
1097 3054 1205 3120 autem
1228 3048 1300 3114 dico

181 3169 250 3218 non
274 3170 351 3234 quas
374 3158 440 3216 tum
464 3149 593 3224 demum
614 3149 803 3235 provenisse
832 3147 930 3215 velim
952 3149 1130 3216 existimari
1153 3151 1211 3216 sed
1233 3169 1301 3236 eas,

180 3273 321 3336 quarum
342 3253 434 3320 testis
458 3260 556 3336 atque
579 3257 691 3320 auctor
713 3253 837 3318 Seneca
858 3269 940 3332 nnus
963 3271 1036 3319 ense
1056 3251 1214 3320 uideatur.
1259 3253 1302 3320 Et

179 3377 253 3422 eum
271 3355 398 3440 quidem
415 3354 559 3422 ordinem
583 3355 798 3437 instituamus,
821 3360 998 3437 utgenera,
1022 3353 1148 3437 honest
1171 3355 1302 3438 nomina

180 3499 221 3508 -—
248 3460 300 3526 vel
324 3458 526 3526 substantiva
547 3458 599 3524 vel
615 3456 774 3542 adjectiva
796 3495 838 3502 -
858 3456 969 3536 verta,
992 3455 1147 3542 adverbia
1171 3477 1299 3543 separe·

186 3582 267 3646 mus,
290 3562 425 3630 vocibus
446 3577 504 3645 per
526 3557 769 3630 terminationes
793 3567 826 3624 et
847 3558 958 3626 literas
980 3557 1126 3641 digestis.

360 3733 363 3738 ,
559 3659 692 3732 domun
711 3658 935 3742 antamutiua
1039 3685 1045 3700 ·

265 3785 401 3834 -meu
424 3769 661 3834 —mentum
676 3763 726 3829 De
739 3762 775 3827 ir.
792 3761 853 3847 III,
864 3764 937 3846 aa,
952 3763 1296 3846 ,concitamentnm.’-÷

184 3871 241 3947 (π
261 3867 527 3951 incitamentum.)
550 3865 656 3946 ,lituos
670 3873 712 3939 et
733 3865 827 3930 tubas
850 3865 1082 3930 concitamenta
1104 3882 1188 3946 esse,
1210 3863 1297 3929 sicut

180 3969 338 4056 quosdam
359 3977 473 4038 cautus
495 3967 734 4038 blandimenta*

183 4153 185 4159 Ι
267 4073 326 4158 Ep.
341 4073 426 4151 XIV,
443 4075 471 4140 2.
487 4073 539 4152 28,
554 4069 789 4157 ,initiamenta'
804 4106 844 4120 -ν-
860 4069 950 4148 ,haec
960 4065 1031 4152 ejus
1046 4066 1297 4152 (philosophiae)

178 4175 384 4246 initiamenta
406 4175 493 4244 sunt’
