3182 5026
852 339 902 432 '48

401 551 560 618 Peculiarl
588 550 705 618 deinde
733 551 857 636 ratione
887 551 1045 642 particula
1073 552 1239 619 nonnullis
1273 551 1352 619 locis
1380 571 1440 637 per

317 653 490 722 antithesin
528 653 758 738 particularum
805 675 900 735 „aon
939 660 1093 721 tantum“
1135 655 1259 722 acriore
1302 659 1438 720 accentu

319 756 459 837 effertur,
481 757 534 823 uhi
558 754 764 822 desideratur
780 756 879 848 „ipse
903 763 1052 840 quoque*
1075 758 1128 825 vel
1151 765 1205 838 „et
1229 757 1332 842 ipset

406 859 466 945 Ep.
496 857 565 938 XV,
588 861 618 926 3.
647 859 678 939 6,
713 858 998 943 ,respondebimus
1035 861 1180 946 actiones
1216 859 1371 926 honestas
1407 865 1438 924 et-

321 946 512 1047 praeceptis
533 960 614 1040 lieri,
646 979 712 1026 noa
738 967 862 1026 tantum
891 963 1095 1047 praeceptis!
1140 961 1180 1030 N.
1203 983 1233 1046 q.
1255 963 1282 1040 Ι,
1304 961 1385 1045 prol.
1409 961 1438 1039 l,

320 1083 396 1146 ,non
420 1064 474 1131 illo
498 1069 623 1130 tantam
652 1062 710 1130 sed
733 1070 766 1148 et
786 1061 863 1130 illo.’
912 1063 962 1128 Dc
985 1063 1020 1132 ir.
1044 1065 1078 1147 ll,
1103 1068 1133 1134 3.
1157 1070 1186 1147 l,
1216 1083 1291 1147 ,non
1315 1069 1438 1129 tantam

321 1165 469 1246 honesta,
498 1173 530 1232 et
557 1165 713 1234 honesta!
730 1166 743 1190 ²
765 1163 814 1229 De
842 1164 897 1232 vit.
930 1163 1059 1236 16619.
1090 1171 1118 1250 1,
1148 1183 1223 1249 ,non
1246 1163 1333 1234 eninr
1356 1164 1439 1231 hanc

321 1276 468 1356 praestat
490 1267 549 1334 sed
572 1275 605 1334 et
625 1265 730 1334 hanc!
790 1343 791 1348 .

377 1371 490 1437 (lum
513 1369 712 1437 abundantia
734 1368 856 1434 dictum
879 1375 943 1435 est:
966 1368 1015 1435 Ad
1038 1369 1150 1456 Polyb
1171 1369 1239 1437 66
1235 1391 1321 1439 cous.
1346 1372 1394 1438 18.
1410 1371 1438 1451 6,

324 1472 435 1555 ,lluant
456 1472 610 1539 lacrimae
633 1470 691 1538 sed
714 1471 847 1538 eaedem
870 1471 901 1538 et
923 1470 1084 1552 desinant,
1107 1472 1275 1584 trahuntur
1289 1474 1439 1560 gemitus,

323 1576 382 1643 sed
404 1575 503 1642 iidem
525 1585 558 1642 et
580 1573 755 1642 finiuntur!

409 1679 555 1745 Senecae
582 1675 718 1763 propria
737 1675 863 1744 videtur
892 1676 1034 1758 licentia,
1064 1697 1128 1761 qua
1149 1677 1384 1763 particulam,
1387 1682 1439 1744 61“

326 1766 425 1867 pro„
427 1779 547 1846 etiam“
584 1779 721 1864 positam
743 1785 901 1864 sequente
946 1779 1129 1866 negatione,
1166 1800 1285 1906 sensus.
1305 1779 1440 1866 exsistit

326 1884 495 1950 verborum
516 1902 569 1966 ,ne
592 1881 739 1967 quidem‘.
798 1911 800 1916 ·

410 1985 469 2071 llp.
491 1985 546 2070 VI,
569 1987 600 2052 2.
624 1987 654 2065 3,
691 2003 762 2069 ,ego
800 2003 876 2051 vero
913 1991 945 2051 et
974 1983 1006 2050 in
1034 1983 1106 2068 ipsa
1136 1983 1347 2053 suffocatione
1375 2001 1438 2050 aon

327 2089 409 2156 desii
447 2086 696 2173 cogitationibus
728 2086 825 2154 laetis
861 2107 900 2152 ac
925 2085 1072 2177 ¹lectitans
1108 2088 1335 2171 acquiescere'
1390 2088 1439 2152 De

326 2193 399 2259 ben.
426 2191 461 2275 ll,
488 2192 537 2257 21.
565 2191 594 2273 6,
622 2210 721 2275 ,rogq
752 2187 865 2273 inquit,
901 2188 1070 2272 ignoscas:
1106 2197 1139 2257 et
1168 2211 1188 2256 a
1218 2189 1348 2256 Persico
1377 2208 1437 2256 non

326 2292 458 2378 accepi’
502 2293 552 2358 De
575 2293 731 2378 1ι.111,2.
757 2294 786 2359 l.
809 2291 852 2371 ,et
874 2288 953 2356 illnd
974 2292 1118 2377 separari
1140 2313 1204 2358 non
1227 2293 1353 2379 potest'

366 2430 368 2434 ¹
411 2393 644 2482 ‚‚Eliamaltac“
670 2393 780 2461 multis
810 2391 890 2458 locis
920 2401 1092 2478 usurpatur
1124 2393 1165 2460 dc
1194 2393 1380 2481 adjicienda
1403 2411 1432 2461 re

330 2499 380 2566 vel
402 2497 448 2564 de
468 2517 516 2579 ea,
540 2516 622 2581 quae
644 2497 686 2564 ad
708 2496 791 2564 alias
812 2501 982 2579 praeterea
1003 2495 1148 2565 accedit.
1209 2503 1210 2508 ’

354 2631 357 2638 ⁴
408 2601 451 2667 N.
467 2621 495 2684 q.
511 2600 545 2684 ll,
562 2603 612 2669 12.
627 2602 658 2684 2,
682 2599 842 2681 ,convenit
862 2597 901 2666 de
916 2587 989 2666 illis
999 2647 1050 2666 ...
1074 2597 1259 2666 etiamnunc
1273 2599 1439 2668 convenit’

330 2703 389 2792 Ep.
415 2702 500 2776 XIX,
521 2704 551 2770 4.
567 2705 618 2783 22,
641 2702 680 2784 ,si
694 2699 753 2767 has
775 2719 899 2784 quoque
922 2701 1234 2782 conrotundaverint,
1258 2701 1441 2770 etiamnunc
1565 2703 1566 2716 ¹

330 2806 568 2891 interrogabo,
593 2825 634 2870 an
681 2855 719 2872 ..
743 2805 842 2871 ΙΝ.
874 2828 903 2891 q
931 2804 953 2889 l,
983 2805 1014 2870 4.
1045 2807 1073 2889 l,
1116 2804 1313 2888 ,etiamnunc
1339 2804 1440 2872 illud.

328 2909 367 2975 N.
389 2929 417 2993 q.
439 2910 478 2990 V,
501 2909 531 2975 9.
553 2907 583 2988 5,
607 2857 804 2992 ,etiamnunc
835 2915 950 2975 natura
979 2905 1067 2974 calor
1091 2906 1194 2973 omnis
1216 2908 1345 2992 abigit!
1392 2907 1442 2972 De

331 3013 401 3082 lrcn.
423 3009 469 3095 111,
492 3011 531 3079 8.
544 3012 574 3092 2,
597 3009 792 3092 ,etiamnunc
814 3009 976 3098 adjice.’*)

415 3111 651 3197 „Etiamnunc‘
681 3111 794 3179 eadem
817 3112 942 3180 ratione
969 3131 1040 3179 cum
1071 3111 1245 3196 praeterito
1274 3114 1444 3234 verborum

331 3237 390 3283 con
389 3215 548 3302 jungitur:

393 3319 465 3384 De
487 3318 559 3384 ben.
582 3317 619 3398 V,
642 3317 672 3383 6.
695 3318 725 3398 2,
758 3317 953 3399 ,etiamnunc
991 3315 1170 3438 Archelaus
1205 3316 1337 3385 daturas
1374 3325 1444 3384 erat

331 3439 442 3486 aurum
465 3427 497 3487 et
517 3425 706 3503 argentum!
813 3437 818 3451 ‘
1354 3451 1356 3458 >

340 3551 342 3558 ·
415 3521 473 3607 Np.
494 3520 583 3604 xlx,
608 3524 635 3589 1.
657 3523 687 3603 3,
711 3522 869 3608 ,quotiens
892 3487 1011 3605 magna
1034 3539 1084 3588 res
1114 3485 1285 3604 aliquem
1271 3541 1340 3608 Jaur
1368 3523 1442 3589 euri-

334 3625 464 3692 uculem
485 3623 669 3691 etiamnunc
692 3624 877 3694 adlevavit?

416 3726 465 3794 Ad
496 3725 709 3792 recentiorum
739 3747 832 3795 usum
865 3727 1014 3813 pertinet,
1042 3729 1126 3812 qaod
1156 3697 1382 3812 „etiteruuuuN
1393 3733 1445 3800 ¹ut

332 3831 471 3918 ‚,etiam“
494 3827 699 3913 componitur
719 3849 791 3897 eam
815 3831 1049 3916 comparativo:
1337 3847 1340 3851 ·

418 3934 467 4000 De
489 3932 545 4000 vit.
567 3931 652 4000 beat.
667 3933 694 3997 9.
718 3933 748 4012 4,
772 3935 967 4017 ,etiamnunc
989 3934 1116 4020 majus!
1175 3934 1178 3941 '

405 4092 434 4160 ²¹¹)
451 4092 564 4162 Saepius
577 4090 648 4146 idem
662 4067 823 4164 exprimitur
829 4091 947 4164 simplici
953 4091 1088 4162 particula
1101 4091 1260 4158 „nnnc“.N.
1269 4049 1297 4160 q.
1304 4089 1349 4174 IV.
1357 4106 1396 4164 pr.
1404 4090 1449 4153 18.

334 4185 420 4250 ‚adice
439 4200 511 4240 nuno
531 4181 679 4236 invictum?
716 4181 758 4268 lle
771 4184 814 4265 Ιοι,
834 4183 858 4240 7.
877 4184 904 4249 4,
924 4180 1009 4249 ,allice
1028 4195 1107 4246 nune,
1126 4179 1196 4249 quod
1216 4223 1223 4238 .
1243 4220 1249 4232 .
1269 4223 1275 4236 .
1294 4177 1373 4232 licet'
1407 4175 1445 4234 cf.

335 4272 376 4328 De
395 4275 456 4328 ben.
475 4272 509 4341 11,
529 4274 555 4331 3.
575 4269 600 4338 6,
626 4269 661 4326 N.
680 4287 705 4341 q.
724 4268 761 4340 11,
779 4271 821 4329 28.
841 4271 866 4337 2,
886 4268 923 4336 ΙΙ,
943 4271 984 4328 18.
1004 4269 1030 4336 2,
1049 4267 1082 4339 V,
1099 4269 1143 4329 11.
1164 4271 1187 4336 1,
1209 4269 1250 4324 De
1269 4267 1301 4324 ir.
1320 4265 1357 4333 H,
1375 4266 1401 4326 9.
1420 4269 1446 4325 4.

396 4976 419 4995 .
532 4772 939 4996 2
