3182 5026
728 301 777 368 :55

283 485 335 562 Ad
357 487 450 555 Helv.
472 487 513 554 de
535 499 622 555 cons.
644 486 739 570 „ac“:
761 488 791 554 2.
814 487 845 568 4,
882 485 912 552 5.
936 487 966 566 3,
1001 485 1031 552 5.
1054 487 1084 570 6,
1123 489 1152 556 6.
1174 489 1204 567 3,
1233 489 1263 555 6.
1282 489 1317 572 8,

202 591 252 656 10.
274 591 304 672 2,
330 592 380 656 11.
402 591 432 671 6,
456 592 504 656 12.
526 591 557 674 4,
578 592 630 658 20.
652 592 682 669 2,
705 589 845 671 ,,61666“
869 608 933 654 666
956 587 1127 656 invenitur.

188 741 192 749 ·
285 715 334 782 06
356 716 393 784 ir.
415 718 439 782 Ι.
464 719 557 796 „ac“:
578 715 607 782 5.
631 717 661 794 3,
689 717 719 780 6.
742 716 772 794 2,
804 715 851 780 19,
873 716 903 797 2,
931 717 983 810 18.
1005 716 1035 796 4,
1058 717 1211 799 ,6166661
1237 719 1264 783 1,
1286 716 1317 797 5,

202 820 252 884 13.
274 820 304 884 3.
348 818 398 884 De
418 818 455 884 ir.
477 813 539 886 Ill.
563 818 656 901 ,66“;
681 819 708 882 1.
729 820 759 900 4,
795 817 825 882 3.
845 819 875 899 2,
903 819 932 883 3.
955 817 986 896 5,
1014 817 1044 884 5.
1068 819 1097 900 1,
1126 820 1155 884 6.
1180 820 1209 897 1,
1233 821 1262 884 7.
1286 821 1314 900 1,

201 922 251 988 13.
274 922 304 1002 5,
328 922 377 987 14.
399 922 429 1002 2,
454 922 502 987 19.
525 923 555 1004 2,
577 921 627 987 23.
649 919 680 992 5,
704 920 755 986 28.
779 922 810 1000 2,
836 921 886 986 28.
909 909 939 1004 d,
961 921 1011 986 30.
1036 921 1064 1003 1,
1087 921 1136 986 33.
1159 921 1190 1003 3,
1211 921 1262 986 36.
1286 923 1316 1004 3,

199 1024 251 1090 36.
274 1025 304 1104 2,
326 1023 377 1090 37.
401 1025 430 1090 3.
477 1026 629 1108 ,6166616
653 1023 702 1088 18.
724 1022 829 1120 4,.34.
851 1024 879 1088 3.

284 1139 529 1213 Pariisulartttn
566 1141 873 1230 comsanenslunus.
904 1179 942 1189 -
970 1143 1115 1209 Senecae
1138 1139 1316 1208 orationem

198 1244 423 1329 confragosam
448 1253 489 1326 et,
514 1245 658 1330 partibus
681 1265 746 1310 non
769 1253 844 1330 6616
874 1243 1116 1328 coagmentatis,
1146 1243 1316 1310 infractam
1401 1333 1402 1336 Ἴ

198 1345 445 1432 appellavimus,
482 1365 554 1416 cum
591 1348 845 1426 observaremus,
874 1365 953 1431 prae
974 1345 1199 1432 polysyndetis
1222 1355 1317 1430 61666

197 1449 365 1535 particulis
388 1450 448 1517 sibi
470 1447 748 1536 respondentibus,
771 1449 882 1534 quibus
905 1448 1039 1533 elegans
1061 1447 1219 1532 quaedam
1241 1447 1315 1536 cou-

188 1553 337 1632 ,cinnitas
360 1552 509 1636 efficitur,
532 1551 707 1619 orationem
730 1551 923 1637 saepissime
952 1555 1008 1616 aut
1036 1549 1210 1636 anaphoris
1233 1551 1315 1638 puti-

197 1653 273 1722 dam
310 1652 401 1722 reddi
439 1661 495 1720 aut
533 1651 716 1739 asyndetis,
757 1653 890 1734 flumine
926 1652 1080 1737 impedito
1116 1649 1313 1740 distractam.

196 1755 377 1842 Antequam
400 1753 545 1840 singulas
568 1756 849 1838 corresponsiones
871 1751 1114 1841 pertractemus,
1135 1752 1197 1820 hoc
1219 1755 1317 1822 116661

197 1859 229 1926 16
246 1860 433 1926 universum
447 1877 709 1942 commemorare,
725 1858 841 1925 deesse
851 1857 1030 1924 locutiones
1044 1875 1115 1940 „cu
1125 1861 1314 1924 m‘-tum“
1394 1853 1397 1858 ’

197 1971 230 2029 61
253 1983 359 2046 „non
381 1959 496 2027 modo
519 1997 562 2008 -
583 1961 653 2026 sed
675 1961 832 2028 etiam“.

187 2083 190 2092 '
241 2083 245 2092 ’
280 2081 835 2165 76166166,,61-61“61,,666
859 2079 1141 2147 tantum-sed
1157 2077 1313 2148 etiamr

196 2184 353 2270 exemplis
376 2183 539 2258 illustrare
568 2182 823 2267 supersedemus.
887 2185 1048 2269 Persaepe
1076 2185 1203 2252 Seneca
1239 2203 1313 2252 666-

191 2285 301 2372 junxit
321 2283 418 2368 „lam
441 2323 481 2334 -
504 2286 642 2371 quw,
679 2283 911 2369 66661666116,
944 2307 1004 2371 666
1025 2285 1191 2373 ‘majorem
1213 2285 1312 2352 ambi-

196 2398 262 2455 tum
286 2387 507 2473 complectitur
530 2407 628 2473 quam
651 2389 823 2473 ,‚et-et“,
845 2407 883 2453 66
906 2391 1011 2472 magis
1033 2387 1213 2455 rhetoricae
1235 2394 1312 2471 grass

195 2487 288 2556 vitati
310 2489 453 2556 inservit.
513 2489 600 2557 Inter
622 2495 790 2574 utrumque
820 2491 905 2557 euim
936 2491 1018 2558 ultro
1040 2491 1102 2557 hoc
1125 2510 1197 2558 sese
1219 2490 1313 2556 offert

195 2591 378 2673 discrimen,
402 2601 436 2660 ut
458 2596 635 2676 ,,61-61“
656 2601 774 2678 partes,
812 2593 925 2676 quibus
955 2591 1077 2676 aliquid
1100 2592 1311 2679 compositum

194 2700 253 2776 est,
276 2696 523 2779 ,1616--66666α
546 2695 678 2780 iusuper
705 2694 846 2791 partium
867 2697 1097 2780 aequalitatem
1119 2693 1288 2779 significet.

278 2821 328 2888 De
350 2821 387 2887 ir.
402 2823 429 2906 Ι,
443 2826 472 2890 2.
487 2825 518 2906 4,
540 2822 605 2906 ,661
626 2828 691 2887 tam
713 2822 900 2907 parentibus
924 2823 1051 2890 amissis
1073 2821 1194 2888 flebunt
1215 2841 1310 2906 quam

194 2925 349 2992 nucibus!
391 2926 440 2992 De
463 2924 500 2991 ir.
523 2927 548 3008 Ι,
574 2927 623 3008 16,
646 2925 675 3008 6,
712 2923 780 3008 ,sed
809 2931 874 2990 tam
898 2924 1067 3009 commoda
1089 2924 1216 2990 illorum
1240 2923 1310 2989 6166

194 3026 316 3093 invidia
336 3027 494 3108 videmus,
522 3047 616 3112 quam
645 3025 768 3094 scelera
797 3026 867 3092 sine
890 3026 957 3092 ira!
1014 3027 1053 3092 N.
1077 3048 1108 3110 q.
1130 3025 1194 3106 IV,
1210 3027 1257 3092 13.
1279 3029 1310 3108 4,

192 3136 269 3212 ,tam
291 3129 413 3196 homini
434 3151 531 3216 quam
552 3128 651 3196 ieris'
695 3129 755 3214 Ep.
779 3130 834 3210 IV,
859 3131 907 3196 13.
930 3132 960 3210 6,
986 3137 1063 3210 ,tam
1084 3127 1193 3194 Ardea
1215 3136 1310 3214 66616

192 3237 242 3296 661
278 3251 373 3316 quam
402 3234 514 3300 Roma.
572 3231 632 3317 Ep.
653 3231 696 3312 Il,
721 3234 822 3312 14.·1‚
853 3237 929 3312 ,tam
957 3230 1127 3298 interdiu.
1151 3281 1159 3297 .
1183 3281 1190 3296 .
1213 3252 1310 3317 quam

192 3325 307 3400 nocte.'
363 3336 435 3428 1⁴po
447 3334 530 3415 XIV,
553 3336 582 3402 3.
606 3321 636 3414 7,
666 3340 743 3416 ,tam
769 3317 932 3399 hominum
962 3352 1059 3416 quam
1089 3333 1211 3399 urbium
1242 3333 1311 3400 1616

192 3426 403 3504 661666161.”
427 3437 488 3522 Ep.
508 3437 627 3516 XVIII,
647 3437 675 3500 l.
689 3437 740 3516 33,
767 3437 843 3516 ,tam
866 3440 1000 3502 mortem
1022 3456 1119 3521 posse
1148 3437 1311 3503 contemni

192 3557 288 3622 quam
318 3538 469 3605 exilium!
516 3539 576 3624 Ep.
596 3535 714 3618 XVIII,
732 3538 762 3603 2.
785 3539 815 3619 4,
852 3537 967 3620 ,timeri
997 3545 1105 3604 autem
1133 3547 1199 3604 tam
1223 3537 1309 3604 domi

192 3640 363 3708 molestum
391 3648 440 3708 est
476 3661 573 3726 quam
608 3639 696 3722 loris,
733 3647 798 3706 tam
828 3661 848 3706 a
875 3641 977 3707 serula
1013 3661 1108 3725 quam
1136 3631 1309 3708 a'liberisl

192 3743 250 3827 up.
272 3743 392 3828 XVIII,
414 3745 444 3812 5.
467 3746 498 3826 6,
535 3751 611 3836 ,tam
627 3740 698 3812 sine
717 3740 863 3828 profectu
885 3742 992 3809 alieno
1015 3761 1112 3826 quam
1136 3742 1206 3808 sine
1229 3746 1307 3809 666.’

192 3843 251 3930 Ep.
273 3845 357 3929 XIV,
379 3849 409 3914 4.
434 3847 483 3926 16,
517 3851 593 3929 ,tam
615 3845 685 3912 sine
709 3845 885 3912 commodis
914 3844 1119 3912 beatissimus
1141 3851 1191 3910 est
1214 3865 1307 3927 quam

192 3968 256 4035 666
280 3955 330 4016 661
352 3949 410 4015 sub
432 3947 644 4016 incommodis
667 3947 784 4015 miser.'

216 4137 218 4143 ,
277 4068 362 4136 Usus
403 4068 598 4148 locutionum
640 4069 878 4154 ,66666166
920 4105 963 4116 -
1004 4067 1064 4138 sad
1109 4067 1238 4138 orranr
1275 4075 1308 4134 et

191 4186 268 4256 ,uun
310 4187 440 4270 16111111
469 4208 510 4220 ·-
555 4170 615 4242 sed
660 4169 791 4258 61161161
835 4169 948 4256 paucis
991 4169 1072 4238 locis
1109 4170 1307 4250 continetur.
