3182 5026
817 361 858 426 28

284 542 367 616 uiter
389 550 421 610 et
443 543 625 628 ponderose
648 545 770 630 aliquid
792 545 972 629 dicendum,
995 546 1079 629 quod
1095 546 1178 614 ultro
1195 554 1310 613 natura
1325 547 1398 632 ipsa
1457 557 1458 560 ’

282 646 444 728 praebeat.
499 647 615 714 Testes
651 655 726 715 sunt
753 647 924 732 proverbia
956 655 988 714 ct
1018 655 1128 716 nostra
1159 648 1330 732 allatius,
1363 649 1395 713 in

284 747 399 830 quibus
428 748 690 816 allitterationem
728 771 790 818 non
820 749 1001 817 arteficiose
1037 749 1234 818 elaboratam
1264 751 1322 818 sed
1358 771 1397 818 ex

285 850 416 934 linguae
439 857 556 918 natura
577 853 751 936 profectam
776 873 849 920 esse
872 852 1040 920 credimus.
1078 853 1109 919 Si
1133 853 1229 938 igitur
1251 855 1396 920 substan-

284 952 360 1036 tivo,
383 954 466 1037 quod
496 954 647 1039 incipitur
670 957 777 1022 littera
799 975 830 1040 p,
853 954 1044 1039 saepissime
1067 956 1240 1042 apponitur
1263 956 1396 1042 adjecti·

283 1075 374 1136 vum,
407 1058 498 1142 cujus
526 1058 630 1142 prima
662 1059 773 1125 littora
803 1057 917 1124 eadem
947 1065 1014 1137 est,
1051 1057 1113 1124 hoc
1141 1078 1203 1125 nec
1232 1059 1396 1126 fortuitum

282 1164 429 1242 putamus
442 1179 502 1227 nec
513 1159 598 1239 inde,
622 1168 784 1228 auctorem
800 1161 938 1245 cogitate
957 1160 1218 1227 allitterationom
1234 1169 1396 1228 consecta-

283 1267 350 1328 tum
380 1281 470 1341 esse,
499 1262 692 1347 colligimus.
732 1264 801 1330 Hoc
826 1263 896 1330 loco
919 1282 959 1328 ex
976 1262 1132 1347 exemplis
1158 1263 1397 1330 allitterationis

284 1363 466 1430 cumulatae
489 1373 522 1430 et
537 1371 571 1430 ut
593 1365 671 1432 mihi
694 1365 823 1449 quidem
844 1364 981 1445 videtur,
1004 1363 1207 1433 arteficiosae
1227 1403 1269 1412 -
1284 1386 1397 1450 pauca,

284 1485 368 1548 quae
390 1472 423 1532 ct
441 1467 544 1534 oculis
564 1487 696 1534 cernere
719 1474 752 1534 ct
774 1467 902 1554 auribus
931 1467 1098 1553 percipere
1120 1467 1218 1534 facile
1241 1475 1300 1549 est,
1325 1489 1397 1554 pro·

285 1568 446 1636 ieramus:

366 1671 428 1736 Per
464 1671 728 1739 allitteratioucm
765 1680 870 1740 terrae
900 1680 1004 1739 motus
1034 1673 1274 1743 describuntur:
1312 1677 1351 1742 N.
1367 1697 1396 1759 q.

285 1771 339 1858 VI,
353 1776 404 1840 31.
421 1777 449 1855 1,
473 1773 618 1854 ,adsiduo
634 1781 770 1842 tremere
787 1775 975 1860 Campania,
992 1775 1182 1842 clementius
1197 1777 1324 1862 quidem
1340 1777 1398 1844 sed

283 1875 407 1959 ingenti
429 1875 558 1959 damno,
586 1877 679 1962 quia
709 1897 857 1960 quassa
884 1877 1117 1959 quatiebat,
1140 1880 1290 1961 quibus
1318 1933 1324 1946 .
1349 1931 1356 1945 .
1380 1881 1397 1945 .’

283 1977 497 2046 Conferantur
532 1979 565 2044 hi
600 1981 681 2060 loci,
721 1979 835 2063 quibus
869 1978 1114 2046 allitterationes
1149 1990 1215 2049 tum
1259 1983 1397 2050 leviores

282 2083 350 2147 tum
377 2081 572 2166 insigniores
602 2082 819 2167 reperiuntur:
849 2081 900 2147 De
923 2087 960 2146 tr.
984 2085 1077 2150 anb.
1103 2085 1131 2165 1,
1162 2084 1204 2165 ‚iu
1234 2105 1295 2168 qua
1322 2084 1397 2152 civi-

285 2185 350 2249 tate
374 2191 443 2249 erat
464 2186 568 2251 Areos
590 2204 691 2269 pagos
794 2184 828 2252 iu
850 2205 912 2268 qua
934 2192 1065 2252 senatus
1089 2187 1290 2272 populusque
1312 2187 1397 2254 simi-

284 2285 335 2369 lis,
358 2284 494 2352 coibat
515 2287 671 2352 cotidie
694 2287 944 2353 carnificum
967 2287 1087 2354 triste
1110 2288 1332 2372 collegium
1362 2297 1400 2354 et

284 2387 434 2454 infelix
457 2388 587 2454 curia'
627 2389 675 2454 of.
692 2391 743 2454 De
765 2390 836 2455 beu.
859 2391 901 2470 ΙΙ,
916 2389 966 2455 25.
983 2393 1013 2470 2,
1035 2391 1078 2473 ,in
1102 2397 1264 2457 certamen
1288 2411 1399 2458 cursus

274 2490 496 2575 ‘compositum
520 2499 552 2556 et
582 2491 761 2560 carceribus
790 2492 957 2559 inclusum.
1001 2492 1051 2557 De
1082 2492 1118 2557 ir.
1141 2493 1166 2577 Ι,
1188 2495 1239 2558 20.
1262 2495 1292 2573 4,
1314 2493 1398 2578 ,ode-

284 2591 357 2671 rint,
381 2592 456 2658 dum
489 2598 641 2658 metuant.
688 2595 822 2660 Sullano
849 2593 935 2660 scias
958 2593 1067 2659 seculo
1090 2595 1263 2679 scriptum!
1307 2597 1344 2662 N.
1369 2616 1398 2679 q.

282 2697 309 2776 Ι,
329 2695 361 2761 5.
383 2703 414 2778 4,
451 2695 592 2781 ‚singula
621 2697 788 2764 stillicidia
821 2697 949 2781 singula
977 2696 1110 2780 specula
1140 2701 1235 2762 sunt’
1273 2737 1312 2746 -—
1349 2699 1399 2764 De

284 2799 355 2864 ben.
377 2798 431 2879 IV,
454 2801 484 2865 2.
505 2801 537 2879 4,
571 2800 757 2879 ,manifesta
785 2798 942 2880 caecitas,
972 2798 1083 2884 primis
1113 2804 1277 2884 postrema
1306 2819 1399 2885 prae·

284 2901 389 2966 feme'
432 2900 483 2966 Dc
506 2902 576 2967 ben.
600 2903 638 2987 V,
662 2905 711 2969 16.
736 2905 763 2984 1,
792 2908 876 2986 ,post
904 2900 1037 2967 sceleris
1067 2902 1299 2986 poenitentiam
1327 2902 1399 2986 pius

284 3003 391 3086 posuit
413 3007 522 3069 arma'
572 3005 622 3070 De
646 3005 716 3070 ben.
740 3007 778 3086 V,
803 3006 851 3072 15.
874 3007 904 3087 2,
934 3023 1004 3084 ‚neo
1026 3009 1076 3070 est
1107 3003 1187 3088 quod
1212 3055 1218 3070 .
1243 3055 1250 3070 .
1275 3055 1281 3070 .
1306 3015 1398 3090 putes

283 3125 341 3189 pro
362 3107 503 3191 pessimo
524 3109 706 3193 pravoque?
749 3109 800 3173 Do
822 3108 894 3173 beu.
917 3106 955 3186 V,
978 3109 1029 3172 21.
1053 3110 1084 3188 3,
1115 3107 1268 3192 ‚ingratos
1291 3110 1398 3194 palam

284 3228 323 3272 ae
345 3208 553 3292 pertinaciter
575 3209 776 3293 praeteribo'
820 3209 880 3293 Ep.
903 3207 959 3274 Xl.
982 3212 1011 3275 3.
1035 3211 1065 3293 2,
1093 3211 1189 3291 ,malo
1219 3211 1296 3276 mihi
1326 3229 1399 3278 esse

284 3310 369 3377 malo
399 3331 493 3396 qnam
528 3312 686 3378 molliter.’
750 3313 798 3378 De
825 3312 896 3378 ben.
925 3315 949 3391 Ι,
975 3315 1022 3378 12.
1049 3315 1076 3393 1,
1100 3307 1242 3393 ,minime
1265 3315 1399 3380 mortale

282 3430 397 3479 munus
419 3413 498 3480 est'.

369 3515 527 3582 Senecam
558 3515 663 3581 miuus
693 3517 963 3602 argumentationi
993 3517 1101 3585 subtili
1130 3538 1224 3600 quam
1257 3519 1399 3587 futilibus

283 3618 481 3684 ornamentis
536 3618 769 3703 sagacibusque
824 3620 1003 3687 rhetoricae
1060 3619 1252 3705 disciplinae
1301 3623 1399 3689 artifi-

283 3721 341 3787 ciis
384 3741 515 3805 operam
554 3719 693 3801 dedissc,
750 3721 925 3790 ostendunt
967 3721 1210 3794 translationes
1247 3725 1283 3794 ei
1320 3725 1399 3795 ima·

283 3823 384 3910 pinos.
435 3823 623 3890 Orationem
651 3843 727 3907 uon,
764 3834 799 3891 ut
825 3825 940 3892 (licere
967 3824 1056 3906 dicit,
1084 3825 1279 3910 imaginibus
1310 3829 1402 3911 quasi

282 3926 385 3992 stellis
408 3926 535 3992 ornavit
562 3926 620 3993 sed
647 3946 759 3993 aarum
781 3929 906 4013 copiam
940 3929 1178 4011 ubertatemque
1210 3928 1280 3995 sine
1306 3929 1401 3997 dubio

282 4031 315 4094 in
342 4048 501 4095 summum
525 4029 733 4114 perfectionis
758 4029 925 4115 fastigium
958 4030 1111 4096 extollere
1140 4031 1270 4098 studuit.
1320 4033 1403 4098 Mira

283 4131 459 4216 imaginum
481 4130 764 4216 confingendamm
788 4133 933 4200 sollertia
956 4132 1131 4217 praeditus,
1154 4133 1310 4218 quidquid
1335 4135 1401 4219 plu-

284 4233 370 4300 ribus
396 4233 503 4301 verbis
534 4237 743 4322 comprobare
775 4242 830 4302 aut
857 4236 960 4302 noluit
987 4241 1042 4301 aut
1070 4237 1230 4319 nequivit,
1262 4239 1403 4322 imagine

458 4650 744 4744 Δ*
