3182 5026
844 363 886 430 54

305 550 347 619 lis
359 550 550 640 copuletivis
565 551 650 635 „et“,
664 555 812 634 „atque“,
834 549 948 636 „que“,
961 549 1154 616 intermissis
1176 550 1423 637 (‚,mugisetqne

306 653 443 738 magis“,
470 650 617 736 „magis“
634 658 666 717 et
684 652 842 737 „magis“,
864 652 990 737 „magis
1009 652 1150 737 magis“)
1173 653 1298 720 Seneca
1313 654 1423 720 multis

305 755 521 823 locutionibus
557 752 788 839 frequentavit3
824 773 923 838 quus
940 752 987 819 ita
1023 753 1152 838 quidem
1189 753 1352 840 confinxit,
1388 762 1425 820 ut
1563 815 1564 838 ,

218 855 220 858 ’
305 877 403 930 voees
430 857 614 943 geminatas
650 855 860 943 conjungeret
886 855 1046 940 particula
1077 857 1223 940 „atque“.
1280 857 1331 922 Ex
1359 856 1423 924 ior-

306 959 413 1045 mulis,
435 980 519 1045 quae
542 958 573 1025 ci
593 957 734 1026 usitatae
756 965 841 1042 sunt,
877 959 917 1024 ab
953 957 1072 1042 optimo
1099 977 1248 1026 sermone
1283 967 1425 1027 semotas

305 1063 522 1149 proferamust

388 1165 469 1231 Rem
490 1163 678 1250 perplures
700 1161 820 1246 gradus
842 1161 1050 1244 adscendere,
1084 1161 1247 1232 locutione
1275 1161 1424 1248 exprimi-

305 1273 356 1332 tur
378 1265 502 1354 „meula
523 1265 626 1351 atauo
645 1263 784 1351 nauts‘t

389 1369 440 1434 De
462 1368 535 1436 ben.
557 1369 601 1445 ΙΙ,
625 1369 673 1433 14.
694 1369 726 1450 4,
755 1365 955 1451 ,beneficium
976 1365 1090 1432 demus
1113 1365 1198 1449 qnod
1219 1367 1254 1432 in
1276 1386 1335 1434 usu
1356 1388 1425 1436 ma·

303 1469 356 1554 gis
391 1489 430 1536 ae
458 1469 562 1554 magis
585 1467 732 1554 placeat!
783 1469 834 1534 De
856 1467 894 1535 ir.
916 1468 976 1552 III,
1001 1470 1029 1534 1.
1052 1470 1081 1535 4.
1104 1468 1180 1552 ‚vim
1203 1489 1295 1536 suam
1319 1470 1425 1554 magis

305 1591 344 1638 ae
365 1571 470 1656 magis
493 1569 616 1637 tandit'
661 1568 709 1636 Os.
731 1571 829 1658 Verg.
851 1572 933 1638 Aen.
954 1569 997 1635 II.
1020 1572 1092 1638 299.
1137 1573 1252 1657 Georg.
1274 1571 1333 1638 Ill.
1350 1574 1425 1653 181,

304 1671 379 1738 Tac.
401 1691 476 1738 ann.
499 1671 552 1738 Vl.
574 1673 626 1753 21,
650 1672 738 1738 Suet.
761 1673 810 1740 Pl.

297 1809 301 1820 ·
389 1774 572 1862 Scriptores
607 1783 682 1861 post
717 1775 898 1860 Angustum
934 1775 1033 1842 variis
1069 1776 1109 1842 de
1137 1775 1232 1842 rebus
1255 1773 1426 1858 modisque

305 1877 451 1946 dieentes
472 1882 604 1944 utuntur
627 1875 766 1944 formula
787 1877 908 1962 „allier
927 1877 1033 1963 atqua
1055 1877 1184 1948 alitam.

389 1979 451 2068 Ep.
474 1979 639 2065 111,e.e,
674 1979 747 2059 ,hoe
777 1997 875 2064 saepe
908 1979 986 2045 dicit
1013 1980 1170 2064 Epicurus
1205 1980 1301 2046 aliter
1327 1987 1427 2063 atque

304 2083 409 2164 aliter,
432 2081 491 2149 sed
512 2101 686 2165 numquam
707 2080 804 2149 nimie
827 2081 964 2158 dieitur!
1006 2082 1066 2167 Ep.
1088 2082 1173 2166 XIV,
1196 2085 1224 2148 l.
1245 2081 1276 2166 5,
1313 2081 1426 2168 ,pbilo-

305 2184 453 2271 sopbiam
490 2204 614 2269 quoque
651 2184 790 2268 fuerunt,
827 2183 881 2267 qui
917 2181 1011 2250 aliter
1040 2191 1134 2268 atque
1156 2183 1250 2250 aliter
1272 2184 1427 2254 finirent'

306 2287 354 2354 cf.
376 2286 424 2353 Pl.
447 2285 478 2351 h.
501 2306 533 2352 n.
559 2285 600 2367 ll,
623 2288 675 2353 93.
697 2288 749 2367 95,
771 2285 829 2367 IX,
851 2288 881 2353 2.
907 2288 935 2370 l,
957 2284 1041 2354 (tels.
1065 2285 1137 2352 Vll.
1159 2289 1210 2354 17.

387 2387 496 2474 „altus
530 2388 635 2476 atem
670 2388 790 2459 allue.“
848 2388 909 2472 llp.
930 2387 987 2468 tv,
1009 2390 1061 2456 32.
1084 2389 1116 2469 2,
1137 2387 1238 2472 ,diue
1259 2390 1329 2474 ejas
1351 2390 1427 2458 sab·

305 2488 378 2558 inda
414 2497 509 2576 atque
546 2489 634 2556 aliud
656 2491 816 2558 iacientes
843 2489 989 2557 initium!
1049 2490 1143 2556 Hune
1173 2490 1278 2559 locum
1310 2498 1427 2560 notare

303 2593 383 2660 libet
403 2611 468 2658 nen
489 2611 554 2676 qno
590 2591 750 2678 discrepet
779 2592 908 2660 dicendi
928 2590 1042 2659 modas
1063 2592 1103 2659 ab
1126 2611 1247 2673 eornm,
1282 2594 1336 2677 qni
1358 2594 1426 2660 ele-

303 2693 435 2781 gantius
456 2694 650 2780 scriptitant,
673 2714 732 2762 usu
755 2694 813 2761 sed
835 2701 967 2780 propter
988 2693 1104 2778 locum,
1140 2714 1233 2778 quem
1265 2695 1428 2780 particula

304 2796 436 2865 obtinet
494 2796 531 2862 In
564 2795 712 2863 omnibus
740 2795 826 2862 enim
855 2795 1039 2884 hujusmodi
1069 2796 1225 2879 formulis,
1253 2818 1333 2881 quas
1355 2797 1426 2882 qui-

304 2899 377 2969 dem
400 2920 438 2968 cx
459 2898 643 2967 Tursellino
665 2897 802 2966 collatas
824 2898 943 2968 intueri
965 2899 1065 2983 licuit,
1098 2899 1259 2984 particula
1286 2902 1426 2984 „atque‘
1569 2973 1570 2980 ἵ

303 3021 428 3086 uocem,
450 3002 494 3069 ad
515 3021 613 3088 quam
634 3000 807 3068 referenda
828 3011 888 3084 est,
910 3003 1123 3086 subsequitur,
1146 3003 1221 3070 aliis
1236 3001 1343 3070 verbis
1356 3022 1426 3070 non
1569 3033 1570 3088 3

304 3104 513 3191 interpositis.

388 3206 509 3295 „alluld
532 3206 638 3294 atoue
659 3203 790 3277 allubl.“
835 3205 894 3292 Ep.
917 3206 974 3289 IV,
997 3210 1026 3274 e.
1048 3211 1080 3292 4,
1110 3208 1220 3293 ,aliubi
1249 3215 1346 3294 arque
1366 3207 1426 3274 ali-

304 3310 357 3377 ubi
378 3309 547 3397 adparere,
584 3316 675 3395 prout
703 3309 775 3376 tulit
796 3313 933 3378 ventus.¹
985 3311 1037 3377 De
1058 3311 1130 3378 ben.
1153 3310 1213 3395 Ill,
1236 3312 1266 3378 6.
1287 3313 1319 3395 2,
1346 3309 1425 3392 ,vio-

304 3412 442 3480 latarum
477 3410 669 3496 religionum
707 3410 807 3478 aliubi
842 3399 940 3495 atque
974 3412 1074 3480 aliubi
1098 3413 1227 3481 diversa
1248 3433 1354 3498 poena
1374 3420 1428 3480 est

304 3509 362 3580 sed
384 3513 500 3598 ubique
522 3513 650 3598 eliqua.¹
693 3513 806 3598 (Plin.)
1195 3573 1198 3580 .

388 3614 545 3703 „propiue
567 3631 608 3686 ao
629 3615 798 3703 proplue.“
843 3615 902 3702 [lp.
924 3616 998 3698 Xll,
1020 3619 1049 3684 4„
1071 3620 1102 3699 6,
1125 3617 1266 3704 ,propius
1288 3639 1326 3685 aa
1347 3638 1421 3704 pm·

302 3716 375 3803 pius
397 3716 557 3784 accessit?
612 3716 661 3782 De
683 3717 719 3784 ir.
741 3716 800 3803 ΙΙΙ,
821 3719 873 3785 42.
894 3720 925 3802 4,
963 3721 1105 3806 ,propius
1139 3741 1177 3787 ae
1208 3721 1340 3806 propius
1367 3742 1422 3788 ae-

303 3818 553 3989 oeduil'tristremo
575 3923 891 3989 commemorandum
926 3930 985 4004 est,
1023 3923 1109 4009 apud
1132 3925 1292 3992 &nocam
1324 3927 1423 4011 parti-

303 4020 420 4106 culam,
457 4021 552 4090 litera
588 4023 711 4092 dentali
747 4026 904 4109 praecisa,
943 4026 1124 4092 mutilatam
1159 4025 1276 4110 plenae
1299 4029 1423 4098 formae

303 4142 397 4192 usum
432 4123 528 4212 longe
566 4146 771 4213 exsuperare.
829 4127 889 4195 Oui
919 4127 966 4193 rel
986 4127 1068 4194 haec
1090 4130 1237 4216 exempla
1258 4132 1359 4199 variis
1382 4152 1424 4200 ex

304 4224 495 4311 scriptorum
516 4227 661 4312 partibus
683 4229 821 4298 collecta
844 4229 1035 4298 documento
1057 4230 1141 4330 sinte

210 4466 679 4905 st
