3182 5026
264 1352 266 1354 ,
461 1353 462 1356 ,
850 1359 851 1362 ,
891 1355 893 1360 ,
1030 1317 1045 1360 l
1091 1331 1096 1364 r

283 1345 340 1444 De
362 1377 502 1462 auctoris
525 1375 633 1450 indole
667 1381 764 1464 atque
792 1372 973 1440 elocutione
1004 1371 1164 1462 judicium
1191 1373 1315 1460 justum

197 1480 274 1546 ferri
303 1487 510 1565 nonpotest,
546 1479 611 1545 nisi
639 1476 681 1542 ad
714 1483 833 1542 statum
861 1483 893 1541 et
928 1473 1150 1548 condicionem
1188 1477 1315 1554 aetatis,

196 1602 287 1667 quae
306 1603 379 1648 oum
401 1581 483 1662 tulit,
506 1580 686 1665 respicitur.
729 1576 849 1658 Quodsi
873 1577 997 1647 Gellius
1020 1577 1098 1645 dicit
1121 1576 1332 1662 (xl1,2.1‚)‘

197 1686 255 1772 „de
278 1687 413 1753 Annaeo
437 1685 562 1751 Seneca
592 1681 708 1766 partim
730 1680 926 1764 existimant,
953 1689 988 1746 ut
1010 1681 1050 1747 de
1079 1680 1235 1765 scriptore
1258 1681 1314 1746 rni-

196 1781 283 1868 nime
316 1787 521 1872 utili„cujus
553 1785 651 1872 libros
680 1783 838 1866 attingere
865 1785 989 1878 nullum
1023 1786 1161 1871 pretium
1197 1807 1315 1871 operae

197 1892 249 1975 sit,
286 1889 372 1975 quod
409 1881 513 1956 oratio
551 1889 621 1974 ejus
637 1938 639 1942 .
658 1885 801 1972 vulgaris
836 1885 983 1953 videatur
1016 1894 1049 1953 et
1084 1887 1226 1972 protrita,
1250 1911 1316 1956 *res

197 2004 293 2077 atque
325 1992 506 2059 sententiae
536 1997 591 2056 aut
620 1989 742 2077 inepto
759 1988 912 2080 inanique
936 1989 1057 2074 impetu
1087 1989 1154 2055 sint
1176 1999 1231 2058 aut
1252 1991 1317 2059 levi

199 2103 231 2162 et
259 2095 352 2178 quasi
380 2091 483 2160 dicaci
511 2091 665 2174 argutia,“
697 2091 817 2156 Fronto
846 2111 876 2174 p.
908 2090 970 2158 155
999 2091 1070 2177 ejus
1099 2092 1316 2177 eloquentiam

197 2196 365 2264 confusam
393 2192 545 2278 appellat,
578 2212 660 2273 quac
683 2191 837 2257 radicitus
868 2192 1084 2260 subvertenda
1110 2196 1153 2261 sit
1183 2234 1223 2244 -
1251 2218 1315 2263 non

198 2301 244 2366 ita
280 2299 394 2379 mirum
431 2304 491 2382 est,
514 2315 585 2362 curn
638 2315 678 2360 ea
713 2295 784 2378 ipsa
816 2294 905 2377 vitia,
941 2316 1023 2380 quae
1060 2297 1231 2382 antiquarii
1268 2300 1315 2365 illi

201 2420 374 2483 eorumque
397 2399 542 2465 asseclae
562 2397 614 2464 vel
637 2396 774 2464 maxime
797 2395 1033 2480 reprehendunt
1055 2407 1086 2464 et
1109 2401 1315 2485 insectantur,

200 2504 343 2588 Senecae
365 2501 595 2586 proprietatem
624 2498 852 2582 gravissimum
880 2499 1033 2568 efficiant.
1078 2501 1245 2586 Ejusmodi
1262 2505 1313 2589 ju-

199 2605 293 2688 dicia,
323 2625 362 2670 cx
391 2603 487 2690 hujus
514 2602 644 2689 generis
673 2599 802 2668 dicendi
828 2597 934 2667 taedio
966 2611 1046 2689 orta,
1078 2604 1201 2689 injusta
1231 2624 1314 2688 esse,

198 2728 293 2776 nemo
314 2715 375 2792 est,
405 2707 459 2791 qui
481 2714 584 2790 neget.
627 2705 675 2772 Ab
702 2703 805 2770 altera
827 2722 902 2768 vcro
930 2714 1021 2790 parte
1049 2706 1228 2774 cavendum
1256 2715 1315 2803 est,

199 2831 251 2895 ne,
271 2829 348 2895 prae
371 2810 540 2892 sententiis
563 2805 740 2894 praeclaris
762 2826 800 2871 ac
822 2804 970 2874 dictionis
993 2809 1164 2894 splendore
1183 2830 1314 2878 corusco

201 2913 288 2979 vitiis
310 2932 375 2978 non
406 2911 652 2994 animadversis,
672 2908 778 2996 nimii
804 2907 837 2972 in
860 2907 1022 2992 laudando
1039 2913 1161 3001 simus.
1211 2899 1314 2993 Quam

201 3014 234 3080 in
253 3015 509 3098 perversitatem
529 3010 737 3097 inciderunt,
762 3009 824 3092 ,qui
853 3020 968 3100 nostra
991 3021 1099 3080 aetate
1124 3014 1165 3079 de
1193 3015 1253 3092 hac
1273 3001 1315 3080 ‘re

200 3115 490 3201 disputatiunculae
520 3114 804 3198 conscripserunt,
842 3113 1001 3180 Bochmer
1036 3115 1103 3199 ,De
1129 3117 1165 3182 L.
1187 3116 1314 3184 Annaei

200 3219 345 3284 Senecae
373 3217 564 3286 latinitatae.
618 3214 819 3302 Oels18536“
850 3221 882 3280 et
909 3214 1004 3302 Opilz
1039 3217 1107 3301 „De
1129 3219 1165 3283 L.
1187 3219 1315 3283 Annaei

198 3320 342 3407 Senecae
375 3318 650 3406 genere-dicendi
677 3316 864 3399 Naumburg
885 3317 960 3384 aS.
985 3317 1084 3385 1871“
1112 3321 1313 3406 quiquidem

199 3422 345 3506 futilibus
364 3422 567 3489 ornamentis
590 3441 629 3487 ac
651 3419 828 3513 rhetoricae
850 3419 1042 3505 disciplinae
1065 3423 1219 3507 artificiis,
1248 3425 1315 3506 qui-

200 3527 265 3609 bus,
280 3523 462 3592 sententiae
483 3524 575 3608 quasi
597 3521 763 3590 involutae
785 3529 869 3605 suut,
891 3543 1004 3606 parum
1027 3525 1241 3606 offenduntur,
1270 3527 1315 3590 ita

200 3637 235 3695 ut
263 3629 409 3712 Senecae
437 3627 536 3696 libros
565 3623 775 3710 nonjamin
805 3623 1034 3710 discipulorum
1062 3629 1209 3694 manibus
1232 3648 1315 3712 csse,

201 3730 340 3797 doleant.
384 3732 458 3817 Ipse
480 3730 609 3813 quidem
631 3729 776 3812 arbitror,
798 3729 878 3795 vitia
900 3729 1049 3799 dictionis
1076 3731 1206 3815 propria
1227 3738 1314 3828 acta·

201 3831 243 3899 tis
263 3831 517 3915 condicionibus,
540 3852 611 3922 qua,
627 3832 782 3898 omnibus
798 3832 974 3920 literarum
1003 3832 1182 3917 disciplinis
1211 3835 1314 3898 rheto-
1384 3884 1386 3890 .
1498 3829 1500 3834 ’

200 3933 268 4010 rica
283 3935 371 4008 velut
388 3933 552 4017 infucatis,
574 3933 777 4020 potissimum
801 3953 854 4000 ars
877 3933 1002 4000 animos
1025 3933 1176 4018 capiendi
1198 3934 1314 4000 aciem·

200 4053 262 4118 que
298 4035 462 4120 oculorum
496 4036 758 4120 praestringendi
793 4035 932 4117 valebat,
976 4035 1135 4102 declarari
1161 4045 1200 4122 et¹
1222 4055 1313 4116 excu-

200 4137 357 4219 sationem
379 4137 512 4222 habere,
532 4157 736 4222 nequerero
760 4157 842 4220 esse,
865 4138 978 4222 negari
1000 4159 1159 4224 posse.,·-
1178 4139 1314 4233 Seneca,

201 4259 265 4323 qua
295 4247 364 4306 erat
386 4236 465 4304 sarae
493 4240 610 4316 aetatis
635 4240 759 4325 notitia,
796 4240 883 4306 haud
910 4239 1088 4328 ignorabat,
1118 4263 1182 4308 non
1214 4241 1314 4324 luisse
