3182 5026
832 358 878 432 50

263 634 265 638 ι
298 547 358 635 Ep.
385 541 441 632 lv,
464 552 493 618 5.
516 552 546 630 3,
569 543 656 635 ‚quid
678 549 766 616 aliud
788 549 893 616 adhuc
914 545 1017 616 rolol’
1039 549 1100 635 Ep
1123 549 1161 635 V,
1185 552 1234 617 12.
1255 551 1286 632 4,
1309 571 1409 638 ,prae-

297 661 346 719 ter
369 643 454 719 haee
487 653 633 720 invenies
662 652 768 719 adhuc
797 647 884 717 aliud
913 655 1036 734 genus!
1081 651 1130 719 of.
1152 653 1211 738 Ep.
1230 651 1303 735 vn,
1325 656 1356 720 2.
1379 657 1408 736 7,

296 755 335 822 Ν.
359 776 387 839 q.
410 757 453 840 II,
476 754 526 822 52.
551 758 579 836 1,
602 756 641 823 Ν.
665 778 695 840 q.
719 755 774 837 IV,
797 749 954 840 8.'1,1v,
978 755 1095 821 13.r1.
1250 761 1257 798 '·

380 857 429 922 Ab
459 865 548 924 recto
575 877 635 924 usu
660 851 786 924 alienus
817 865 963 924 estmoe
991 859 1096 942 poetis
1125 867 1158 925 et
1179 859 1410 926 recentioribus

295 957 457 1026 historicis
481 959 638 1046 proprius,
670 978 733 1044 quo
763 958 920 1043 particula
950 958 1089 1044 „locust
1114 960 1314 1044 componitur
1336 980 1410 1027 cum

296 1060 524 1148 comparativo.

379 1163 440 1248 Ep.
463 1162 532 1240 XV,
555 1166 585 1231 3.
610 1166 659 1245 13,
683 1163 788 1247 ,longe
809 1162 979 1229 meliores!
1022 1164 1082 1248 Idp.
1105 1165 1190 1246 XVI,
1204 1166 1234 1231 2.
1250 1168 1280 1250 9,
1302 1165 1410 1250 ,longe

298 1265 384 1332 enim
413 1263 587 1350 frugalior?
643 1267 682 1333 N.
712 1286 741 1350 q.
770 1264 812 1347 Π,
841 1266 893 1331 53.
919 1267 949 1346 3,
984 1264 1089 1349 ,longe
1120 1267 1255 1335 melius)
1309 1269 1348 1335 Ν.
1378 1289 1409 1352 q.

294 1368 335 1452 11,
357 1369 408 1434 59.
438 1369 468 1452 5,
502 1368 671 1453 ,longeque
699 1366 892 1435 violentius)
946 1367 985 1433 Ν.
1015 1390 1045 1452 q.
1076 1369 1132 1449 VI,
1162 1369 1213 1436 21.
1232 1371 1272 1454 ’2,
1302 1371 1410 1455 ,longe

295 1467 523 1553 pemiciosior!
1361 1519 1363 1522 -

381 1569 457 1638 Otto
478 1571 621 1638 Ribbeck
651 1571 818 1657 (afficiatur
845 1588 897 1655 aar
924 1571 1007 1657 tetre
1031 1586 1087 1639 uon
1112 1571 1165 1640 beu
1185 1571 1235 1642 tot.
1257 1573 1410 1661 tlortifctu,

296 1674 408 1760 tertiq
432 1675 557 1760 1869.“)
589 1671 766 1760 particulae
795 1673 897 1759 „quo“
926 1673 1007 1740 duas
1037 1673 1183 1742 diversas
1210 1683 1343 1742 naturas
1370 1699 1410 1743 ac

295 1776 445 1842 notiones
468 1777 576 1844 inesse
598 1777 747 1862 explicat.
795 1776 1017 1860 (lupulatiram
1046 1776 1272 1860 interpretatur
1293 1778 1408 1845 instru-

296 1876 430 1944 mentali
459 1879 658 1971 pronominis
693 1878 830 1961 relativi,
868 1877 921 1960 qui
954 1885 1043 1944 ortus
1072 1897 1112 1944 ex
1148 1879 1252 1946 lorma
1287 1881 1409 1966 „qued‘

295 1978 491 2066 respondeat
506 1982 719 2048 Germanicae
742 1980 919 2064 particulae
941 1979 1035 2064 „tolet
1081 1979 1160 2046 Cum
1183 2001 1247 2046 uon
1271 1984 1411 2049 conectit

295 2083 454 2167 particula
481 2083 539 2150 sed
568 2084 669 2164 nocis,
697 2084 749 2149 cui
776 2082 941 2162 adhaeret,
970 2081 1123 2148 ambitum
1146 2083 1333 2169 amplificat,
1362 2085 1409 2150 iu·

294 2185 515 2252 atramentalis
548 2193 599 2251 est
627 2183 827 2270 pronominis
857 2184 1016 2251 indefiniti
1047 2184 1164 2270 ,quis“,
1195 2206 1288 2270 quem
1310 2188 1409 2253 verti·

296 2307 366 2354 mus
387 2293 505 2353 nostro.
521 2287 714 2372 „ltqcubtoict
759 2289 807 2354 Ab
830 2290 1023 2371 auctoribus,
1053 2287 1109 2371 qui
1135 2295 1209 2372 post
1230 2287 1406 2374 Augustum

295 2389 500 2475 scripserunt,
528 2388 578 2454 vis
605 2389 663 2454 illa
692 2389 871 2473 particulae
898 2390 1078 2471 indefinita,
1107 2409 1190 2474 quae
1220 2399 1307 2456 certo
1335 2409 1406 2474 qno·

296 2491 431 2557 rendam
454 2490 678 2575 pronominum
708 2499 740 2558 et
760 2493 989 2577 particularum
1017 2511 1150 2558 numero
1178 2492 1410 2575 continebatur,

296 2594 423 2679 prolata
452 2599 512 2660 est.
557 2593 746 2678 Complures
774 2595 934 2675 licentiae,
961 2613 1045 2677 quae
1074 2595 1263 2680 posterioris
1295 2595 1412 2661 aetatis

296 2696 503 2781 scriptoribus
526 2693 603 2761 vitio
627 2694 817 2781 tribuuntur,
839 2697 913 2763 huic
936 2695 1025 2763 vocis
1047 2695 1171 2763 notioni
1192 2695 1411 2781 amplificatae

296 2798 424 2866 dandae
460 2797 621 2864 videntur.
673 2797 723 2862 Ex
759 2799 904 2868 Senecae
940 2797 1069 2884 seriptis
1104 2797 1186 2864 haee
1222 2790 1412 2864 exhibentur

296 2900 457 2986 exempla:

324 3061 327 3068 ,
380 2999 578 3091 „hodlsqtte“
601 3001 658 3087 (τ-
677 3001 772 3068 hodie
795 2998 946 3086 quoque).
996 3002 1034 3068 In
1057 3000 1223 3067 meliorum
1245 2993 1409 3069 auctorum

192 3095 194 3102 ’
296 3107 434 3192 scriptis,
456 3105 511 3171 ubi
534 3103 727 3189 „hodieque“
750 3105 896 3183 occurrit,
919 3105 1017 3189 ,que“
1048 3104 1185 3188 simplex
1212 3113 1262 3170 est
1283 3105 1409 3188 copula,

296 3207 532 3296 conjungendis
547 3205 806 3272 enunciationuur
820 3205 963 3291 partibus
979 3206 1174 3290 interposita.
1204 3207 1281 3272 Post
1301 3207 1408 3291 Augu·

207 3304 210 3311 ’
295 3311 337 3377 sti
370 3317 517 3394 tempora
560 3307 756 3394 ,hodieque“
797 3314 970 3393 usurpatur
1011 3327 1069 3392 pro
1106 3307 1218 3392 „hodie
1254 3310 1409 3391 quoque“.

297 3412 416 3498 (Quint.
440 3413 462 3478 Ι.
484 3413 536 3495 49,
569 3412 644 3478 Tac.
669 3411 775 3477 Germ.
798 3413 828 3492 3,
851 3410 933 3477 Veli.
956 3411 1023 3476 Pat.
1047 3411 1072 3491 Ι,
1095 3413 1125 3477 4.
1147 3412 1178 3494 3,
1200 3409 1298 3494 Plin.)

378 3515 430 3580 De
445 3514 536 3581 clem.
553 3515 580 3597 I,
597 3515 646 3581 11.
663 3517 692 3598 2,
708 3514 801 3598 ,haee
816 3511 975 3596 hodieque
988 3513 1151 3598 praestat’
1167 3512 1225 3597 Ep.
1241 3514 1298 3597 IV,
1313 3514 1362 3580 11.
1378 3513 1408 3594 3,

298 3620 446 3705 ,impetus
468 3615 589 3681 habent
610 3615 768 3699 hodieque
791 3616 901 3682 serae’

303 3727 306 3736 '
378 3717 530 3806 „nequt“,
552 3717 606 3783 ubi
627 3717 826 3802 intellegitur
849 3737 907 3804 ,ue
929 3716 1142 3800 -'quidem“.
1171 3715 1215 3782 Ut
1229 3714 1407 3798 particulae

295 3826 398 3908 „que“
422 3821 515 3886 modo
537 3828 686 3887 naturam
702 3820 870 3886 relativam
886 3820 981 3886 modo
996 3818 1196 3886 indefinitam
1211 3817 1408 3902 subjicimus,

294 3926 342 3992 sie
363 3924 397 3989 in
419 3922 575 4007 particula
595 3927 755 4006 „neque“,
776 3923 954 4008 composita
982 3941 1021 3988 ex
1043 3919 1216 4003 negatione
1238 3927 1271 3984 et
1291 3919 1407 3986 instru-

295 4025 440 4097 mentali‚
466 4024 639 4090 auctione
662 4024 854 4109 copulativa,
881 4025 941 4091 hoo
967 4033 1017 4091 est
1038 4022 1184 4108 relativa,
1206 4021 1407 4088 indefinitam

294 4126 504 4196 secernimus.
548 4126 600 4191 Ad
615 4145 711 4209 quam
733 4125 937 4194 referendum
960 4132 1019 4206 est,
1041 4124 1126 4208 quod
1149 4128 1294 4208 „neque“
1317 4128 1406 4208 poni-

252 4305 254 4310 ,
295 4239 344 4298 tur
366 4249 424 4314 pro
446 4227 715 4314 „ne-quidem“
741 4228 794 4295 ubi
823 4227 958 4296 vertitur
978 4226 1190 4294 locutionibus
1227 4227 1307 4310 „ch
1330 4226 1407 4312 etot,

149 4640 496 4888 αι’-
