<?xml version="1.0" encoding="UTF-8"?>
<!DOCTYPE html PUBLIC "-//W3C//DTD XHTML 1.0 Transitional//EN"
    "http://www.w3.org/TR/xhtml1/DTD/xhtml1-transitional.dtd">
<html xmlns="http://www.w3.org/1999/xhtml" xml:lang="en" lang="en">
 <head>
  <title>
</title>
<meta http-equiv="Content-Type" content="text/html;charset=utf-8" />
  <meta name='ocr-system' content='tesseract 3.04.00' />
  <meta name='ocr-capabilities' content='ocr_page ocr_carea ocr_par ocr_line ocrx_word'/>
</head>
<body>
  <div class='ocr_page' id='page_1' title='image "./delatinitatelan01rausgoog_0046.png"; bbox 0 0 3182 5026; ppageno 0'>
   <div class='ocr_carea' id='block_1_1' title="bbox 695 396 735 460">
    <p class='ocr_par' dir='ltr' id='par_1_1' title="bbox 695 396 735 460">
     <span class='ocr_line' id='line_1_1' title="bbox 695 396 735 460; baseline -0.025 0"><span class='ocrx_word' id='word_1_1' title='bbox 695 396 735 460; x_wconf 77' lang='lat' dir='ltr'>eu</span> 
     </span>
    </p>
   </div>
   <div class='ocr_carea' id='block_1_2' title="bbox 149 577 1274 3427">
    <p class='ocr_par' dir='ltr' id='par_1_2' title="bbox 154 577 1271 764">
     <span class='ocr_line' id='line_1_2' title="bbox 155 577 1271 666; baseline 0.005 -22"><span class='ocrx_word' id='word_1_2' title='bbox 155 587 250 644; x_wconf 90' lang='lat' dir='ltr'>etura</span> <span class='ocrx_word' id='word_1_3' title='bbox 273 577 316 644; x_wconf 86' lang='lat' dir='ltr'>sit</span> <span class='ocrx_word' id='word_1_4' title='bbox 337 577 500 644; x_wconf 89' lang='lat' dir='ltr'>ordinaria</span> <span class='ocrx_word' id='word_1_5' title='bbox 522 579 623 646; x_wconf 91' lang='lat' dir='ltr'>oratio</span> <span class='ocrx_word' id='word_1_6' title='bbox 639 599 733 663; x_wconf 83' lang='lat' dir='ltr'>quam</span> <span class='ocrx_word' id='word_1_7' title='bbox 751 599 834 664; x_wconf 87' lang='lat' dir='ltr'>quae</span> <span class='ocrx_word' id='word_1_8' title='bbox 852 600 936 646; x_wconf 88' lang='lat' dir='ltr'>nunc</span> <span class='ocrx_word' id='word_1_9' title='bbox 959 579 1055 665; x_wconf 86' lang='lat' dir='ltr'>vulgo</span> <span class='ocrx_word' id='word_1_10' title='bbox 1079 581 1271 666; x_wconf 85' lang='lat' dir='ltr'>breviarium</span> 
     </span>
     <span class='ocr_line' id='line_1_3' title="bbox 154 679 1087 764; baseline 0.006 -21"><span class='ocrx_word' id='word_1_11' title='bbox 154 679 284 760; x_wconf 82' lang='lat' dir='ltr'>(licitur,</span> <span class='ocrx_word' id='word_1_12' title='bbox 307 680 380 746; x_wconf 88' lang='lat' dir='ltr'>oliur</span> <span class='ocrx_word' id='word_1_13' title='bbox 406 701 478 747; x_wconf 86' lang='lat' dir='ltr'>curu</span> <span class='ocrx_word' id='word_1_14' title='bbox 503 680 602 747; x_wconf 87' lang='lat' dir='ltr'>latine</span> <span class='ocrx_word' id='word_1_15' title='bbox 624 681 835 764; x_wconf 80' lang='lat' dir='ltr'>loqueremur,</span> <span class='ocrx_word' id='word_1_16' title='bbox 858 682 1087 750; x_wconf 66' lang='lat' dir='ltr'>summarium!</span> 
     </span>
    </p>

    <p class='ocr_par' dir='ltr' id='par_1_3' title="bbox 155 770 1274 1277">
     <span class='ocr_line' id='line_1_4' title="bbox 246 770 1273 875; baseline 0.007 -27"><span class='ocrx_word' id='word_1_17' title='bbox 246 783 302 867; x_wconf 75' lang='lat' dir='ltr'>Ep.</span> <span class='ocrx_word' id='word_1_18' title='bbox 326 781 381 864; x_wconf 85' lang='lat' dir='ltr'>IX,</span> <span class='ocrx_word' id='word_1_19' title='bbox 405 786 434 850; x_wconf 88' lang='grc'>2.</span> <span class='ocrx_word' id='word_1_20' title='bbox 460 782 509 867; x_wconf 89' lang='grc'><em>12,</em></span> <span class='ocrx_word' id='word_1_21' title='bbox 532 781 898 872; x_wconf 80' lang='lat' dir='ltr'>,compendiarium’·(==</span> <span class='ocrx_word' id='word_1_22' title='bbox 914 770 1186 870; x_wconf 72' lang='lat' dir='ltr'>compendiariam</span> <span class='ocrx_word' id='word_1_23' title='bbox 1200 789 1273 875; x_wconf 83' lang='lat' dir='ltr'>iter)</span> 
     </span>
     <span class='ocr_line' id='line_1_5' title="bbox 160 885 1272 971; baseline 0.007 -21"><span class='ocrx_word' id='word_1_24' title='bbox 160 925 197 935; x_wconf 51' lang='lat'>*</span> <span class='ocrx_word' id='word_1_25' title='bbox 222 885 275 966; x_wconf 84' lang='lat' dir='ltr'>,ita</span> <span class='ocrx_word' id='word_1_26' title='bbox 296 886 369 952; x_wconf 90' lang='lat' dir='ltr'>dieo</span> <span class='ocrx_word' id='word_1_27' title='bbox 392 885 495 952; x_wconf 81' lang='lat' dir='ltr'><strong>Lucili</strong></span> <span class='ocrx_word' id='word_1_28' title='bbox 519 894 552 951; x_wconf 96' lang='lat' dir='ltr'>et</span> <span class='ocrx_word' id='word_1_29' title='bbox 573 893 604 951; x_wconf 90' lang='lat' dir='ltr'>te</span> <span class='ocrx_word' id='word_1_30' title='bbox 628 886 660 954; x_wconf 89' lang='lat' dir='ltr'>iu</span> <span class='ocrx_word' id='word_1_31' title='bbox 683 885 807 952; x_wconf 89' lang='lat' dir='ltr'>coelum</span> <span class='ocrx_word' id='word_1_32' title='bbox 830 887 1068 971; x_wconf 89' lang='lat' dir='ltr'>compendiario</span> <span class='ocrx_word' id='word_1_33' title='bbox 1084 889 1220 958; x_wconf 61' lang='lat' dir='ltr'>ducam)</span> <span class='ocrx_word' id='word_1_34' title='bbox 1234 931 1272 939; x_wconf 90' lang='lat'>—</span> 
     </span>
     <span class='ocr_line' id='line_1_6' title="bbox 159 985 1274 1076; baseline 0.004 -22"><span class='ocrx_word' id='word_1_35' title='bbox 159 987 244 1054; x_wconf 90' lang='lat' dir='ltr'>Idem</span> <span class='ocrx_word' id='word_1_36' title='bbox 268 987 446 1072; x_wconf 78' lang='lat' dir='ltr'>signifieat:</span> <span class='ocrx_word' id='word_1_37' title='bbox 470 988 529 1073; x_wconf 80' lang='lat' dir='ltr'>llp.</span> <span class='ocrx_word' id='word_1_38' title='bbox 553 991 604 1056; x_wconf 88' lang='grc'>20.</span> <span class='ocrx_word' id='word_1_39' title='bbox 627 991 657 1067; x_wconf 97' lang='grc'><em>2,</em></span> <span class='ocrx_word' id='word_1_40' title='bbox 678 985 937 1072; x_wconf 86' lang='lat' dir='ltr'>,compendiaria&#39;</span> <span class='ocrx_word' id='word_1_41' title='bbox 961 1009 1006 1054; x_wconf 90' lang='lat' dir='ltr'>sc.</span> <span class='ocrx_word' id='word_1_42' title='bbox 1030 989 1125 1069; x_wconf 76' lang='lat' dir='ltr'>„via“</span> <span class='ocrx_word' id='word_1_43' title='bbox 1159 1032 1196 1040; x_wconf 90' lang='lat'>-·</span> <span class='ocrx_word' id='word_1_44' title='bbox 1221 994 1274 1076; x_wconf 90' lang='lat' dir='ltr'>,ad</span> 
     </span>
     <span class='ocr_line' id='line_1_7' title="bbox 157 1088 1272 1175; baseline 0.004 -19"><span class='ocrx_word' id='word_1_45' title='bbox 157 1089 313 1156; x_wconf 87' lang='lat' dir='ltr'>maximas</span> <span class='ocrx_word' id='word_1_46' title='bbox 336 1096 368 1156; x_wconf 88' lang='lat' dir='ltr'>te</span> <span class='ocrx_word' id='word_1_47' title='bbox 391 1090 632 1175; x_wconf 87' lang='lat' dir='ltr'>compendiaria</span> <span class='ocrx_word' id='word_1_48' title='bbox 655 1088 789 1156; x_wconf 87' lang='lat' dir='ltr'>ducam&#39;</span> <span class='ocrx_word' id='word_1_49' title='bbox 836 1089 1156 1175; x_wconf 82' lang='lat' dir='ltr'>„Oompendiar·ius‘&#39;,</span> <span class='ocrx_word' id='word_1_50' title='bbox 1184 1095 1272 1161; x_wconf 89' lang='lat' dir='ltr'>attri-</span> 
     </span>
     <span class='ocr_line' id='line_1_8' title="bbox 155 1190 1131 1277; baseline 0.005 -21"><span class='ocrx_word' id='word_1_51' title='bbox 155 1190 263 1258; x_wconf 85' lang='lat' dir='ltr'>lrutivc</span> <span class='ocrx_word' id='word_1_52' title='bbox 290 1191 341 1258; x_wconf 86' lang='lat' dir='ltr'>vel</span> <span class='ocrx_word' id='word_1_53' title='bbox 364 1190 583 1276; x_wconf 77' lang='lat' dir='ltr'>praedicative</span> <span class='ocrx_word' id='word_1_54' title='bbox 604 1191 753 1277; x_wconf 88' lang='lat' dir='ltr'>positum,</span> <span class='ocrx_word' id='word_1_55' title='bbox 775 1211 840 1257; x_wconf 85' lang='lat' dir='ltr'>non</span> <span class='ocrx_word' id='word_1_56' title='bbox 863 1198 912 1257; x_wconf 91' lang='lat' dir='ltr'>est</span> <span class='ocrx_word' id='word_1_57' title='bbox 933 1191 1131 1261; x_wconf 88' lang='lat' dir='ltr'>inusitatum.</span> 
     </span>
    </p>

    <p class='ocr_par' dir='ltr' id='par_1_4' title="bbox 152 1292 1269 1472">
     <span class='ocr_line' id='line_1_9' title="bbox 240 1292 1269 1383; baseline 0.007 -23"><span class='ocrx_word' id='word_1_58' title='bbox 240 1295 290 1360; x_wconf 91' lang='lat' dir='ltr'>De</span> <span class='ocrx_word' id='word_1_59' title='bbox 315 1295 386 1360; x_wconf 88' lang='lat' dir='ltr'>ben.</span> <span class='ocrx_word' id='word_1_60' title='bbox 409 1293 463 1378; x_wconf 93' lang='lat' dir='ltr'>Vl,</span> <span class='ocrx_word' id='word_1_61' title='bbox 479 1297 509 1362; x_wconf 88' lang='lat'>3.</span> <span class='ocrx_word' id='word_1_62' title='bbox 524 1297 554 1376; x_wconf 83' lang='lat'>2,</span> <span class='ocrx_word' id='word_1_63' title='bbox 578 1292 806 1378; x_wconf 69' lang='lat' dir='ltr'>quaestuaria·</span> <span class='ocrx_word' id='word_1_64' title='bbox 823 1333 864 1342; x_wconf 89' lang='lat'><em>-</em></span> <span class='ocrx_word' id='word_1_65' title='bbox 886 1313 936 1378; x_wconf 90' lang='lat' dir='ltr'>‚ex</span> <span class='ocrx_word' id='word_1_66' title='bbox 951 1294 1097 1363; x_wconf 89' lang='lat' dir='ltr'>adultera</span> <span class='ocrx_word' id='word_1_67' title='bbox 1118 1297 1149 1362; x_wconf 90' lang='lat' dir='ltr'>iu</span> <span class='ocrx_word' id='word_1_68' title='bbox 1176 1320 1269 1383; x_wconf 88' lang='lat' dir='ltr'>quae·</span> 
     </span>
     <span class='ocr_line' id='line_1_10' title="bbox 152 1396 904 1472; baseline 0 -9"><span class='ocrx_word' id='word_1_69' title='bbox 152 1396 310 1463; x_wconf 75' lang='lat' dir='ltr'>stuariam</span> <span class='ocrx_word' id='word_1_70' title='bbox 332 1397 448 1472; x_wconf 66' lang='lat' dir='ltr'>veroa!</span> <span class='ocrx_word' id='word_1_71' title='bbox 902 1425 904 1430; x_wconf 31' lang='lat' dir='ltr'>v</span> 
     </span>
    </p>

    <p class='ocr_par' dir='ltr' id='par_1_5' title="bbox 156 1494 1271 1667">
     <span class='ocr_line' id='line_1_11' title="bbox 240 1494 1271 1604; baseline 0.002 -40"><span class='ocrx_word' id='word_1_72' title='bbox 240 1499 299 1582; x_wconf 80' lang='lat' dir='ltr'>Ep.</span> <span class='ocrx_word' id='word_1_73' title='bbox 323 1498 407 1580; x_wconf 85' lang='lat' dir='ltr'>XIX,</span> <span class='ocrx_word' id='word_1_74' title='bbox 428 1501 458 1566; x_wconf 88' lang='lat'>8.</span> <span class='ocrx_word' id='word_1_75' title='bbox 481 1499 531 1570; x_wconf 88' lang='lat'>30,</span> <span class='ocrx_word' id='word_1_76' title='bbox 568 1494 833 1579; x_wconf 84' lang='lat' dir='ltr'>,latruncularius’</span> <span class='ocrx_word' id='word_1_77' title='bbox 863 1497 907 1544; x_wconf 83' lang='lat'>-&#39;</span> <span class='ocrx_word' id='word_1_78' title='bbox 931 1497 1204 1578; x_wconf 88' lang='lat' dir='ltr'>,latrunculariam</span> <span class='ocrx_word' id='word_1_79' title='bbox 1227 1507 1271 1604; x_wconf 72' lang='lat' dir='ltr'>ta-</span> 
     </span>
     <span class='ocr_line' id='line_1_12' title="bbox 156 1601 282 1667; baseline -0.008 0"><span class='ocrx_word' id='word_1_80' title='bbox 156 1601 282 1667; x_wconf 63' lang='lat' dir='ltr'>belam!</span> 
     </span>
    </p>

    <p class='ocr_par' dir='ltr' id='par_1_6' title="bbox 150 1700 1272 1889">
     <span class='ocr_line' id='line_1_13' title="bbox 235 1700 1272 1789; baseline 0.004 -23"><span class='ocrx_word' id='word_1_81' title='bbox 235 1702 286 1768; x_wconf 74' lang='grc' dir='ltr'>ΑΙ)</span> <span class='ocrx_word' id='word_1_82' title='bbox 308 1710 485 1769; x_wconf 88' lang='lat' dir='ltr'>ceterorum</span> <span class='ocrx_word' id='word_1_83' title='bbox 509 1721 566 1768; x_wconf 88' lang='lat' dir='ltr'>usu</span> <span class='ocrx_word' id='word_1_84' title='bbox 589 1701 747 1777; x_wconf 86' lang='lat' dir='ltr'>abhorret,</span> <span class='ocrx_word' id='word_1_85' title='bbox 771 1700 856 1784; x_wconf 91' lang='lat' dir='ltr'>quod</span> <span class='ocrx_word' id='word_1_86' title='bbox 878 1701 1091 1782; x_wconf 86' lang='lat' dir='ltr'>„bestiarius“</span> <span class='ocrx_word' id='word_1_87' title='bbox 1119 1702 1272 1789; x_wconf 79' lang='lat' dir='ltr'><strong>adjectivi</strong></span> 
     </span>
     <span class='ocr_line' id='line_1_14' title="bbox 150 1801 1122 1889; baseline 0.002 -20"><span class='ocrx_word' id='word_1_88' title='bbox 150 1803 277 1869; x_wconf 83' lang='lat' dir='ltr'>vicibus</span> <span class='ocrx_word' id='word_1_89' title='bbox 300 1803 459 1888; x_wconf 83' lang='lat' dir='ltr'>iungitur:</span> <span class='ocrx_word' id='word_1_90' title='bbox 483 1804 543 1889; x_wconf 84' lang='lat' dir='ltr'>Ep.</span> <span class='ocrx_word' id='word_1_91' title='bbox 568 1801 652 1884; x_wconf 88' lang='lat' dir='ltr'>Vlll,</span> <span class='ocrx_word' id='word_1_92' title='bbox 678 1806 704 1868; x_wconf 90' lang='lat'>1.</span> <span class='ocrx_word' id='word_1_93' title='bbox 728 1804 779 1883; x_wconf 86' lang='grc'><em>22,</em></span> <span class='ocrx_word' id='word_1_94' title='bbox 804 1803 986 1883; x_wconf 86' lang='lat' dir='ltr'>,bestiarius</span> <span class='ocrx_word' id='word_1_95' title='bbox 1009 1803 1122 1871; x_wconf 55' lang='lat' dir='ltr'>ludus?</span> 
     </span>
    </p>

    <p class='ocr_par' dir='ltr' id='par_1_7' title="bbox 150 1904 1272 2196">
     <span class='ocr_line' id='line_1_15' title="bbox 241 1904 1272 1991; baseline 0.002 -19"><span class='ocrx_word' id='word_1_96' title='bbox 241 1906 403 1972; x_wconf 84' lang='lat' dir='ltr'>Vocabula</span> <span class='ocrx_word' id='word_1_97' title='bbox 439 1906 566 1972; x_wconf 89' lang='lat' dir='ltr'>novicia</span> <span class='ocrx_word' id='word_1_98' title='bbox 599 1906 636 1971; x_wconf 89' lang='lat' dir='ltr'>iu</span> <span class='ocrx_word' id='word_1_99' title='bbox 670 1904 831 1988; x_wconf 87' lang='lat' dir='ltr'>‚‚aris“,</span> <span class='ocrx_word' id='word_1_100' title='bbox 869 1904 955 1989; x_wconf 88' lang='lat' dir='ltr'>quod</span> <span class='ocrx_word' id='word_1_101' title='bbox 992 1906 1142 1972; x_wconf 85' lang='lat' dir='ltr'>suffixum</span> <span class='ocrx_word' id='word_1_102' title='bbox 1179 1909 1272 1991; x_wconf 87' lang='lat' dir='ltr'>quasi</span> 
     </span>
     <span class='ocr_line' id='line_1_16' title="bbox 150 2007 1272 2096; baseline 0.004 -22"><span class='ocrx_word' id='word_1_103' title='bbox 150 2009 289 2074; x_wconf 79' lang='lat' dir='ltr'>sormam</span> <span class='ocrx_word' id='word_1_104' title='bbox 306 2028 379 2076; x_wconf 84' lang='lat' dir='ltr'>esse</span> <span class='ocrx_word' id='word_1_105' title='bbox 392 2009 576 2094; x_wconf 80' lang='lat' dir='ltr'>gemellam,</span> <span class='ocrx_word' id='word_1_106' title='bbox 593 2007 693 2074; x_wconf 84' lang='lat' dir='ltr'>fusius</span> <span class='ocrx_word' id='word_1_107' title='bbox 709 2007 857 2091; x_wconf 78' lang='lat' dir='ltr'>exposuit</span> <span class='ocrx_word' id='word_1_108' title='bbox 868 2009 902 2072; x_wconf 87' lang='lat' dir='ltr'>P.</span> <span class='ocrx_word' id='word_1_109' title='bbox 915 2008 964 2074; x_wconf 91' lang='lat' dir='ltr'>W.</span> <span class='ocrx_word' id='word_1_110' title='bbox 978 2009 1168 2077; x_wconf 83' lang='lat' dir='ltr'>Corsscnius</span> <span class='ocrx_word' id='word_1_111' title='bbox 1181 2011 1272 2096; x_wconf 77' lang='lat' dir='ltr'>(urit.</span> 
     </span>
     <span class='ocr_line' id='line_1_17' title="bbox 150 2111 932 2196; baseline -0.008 -16"><span class='ocrx_word' id='word_1_112' title='bbox 150 2111 248 2180; x_wconf 64' lang='lat' dir='ltr'>ffiritr.</span> <span class='ocrx_word' id='word_1_113' title='bbox 270 2131 300 2195; x_wconf 89' lang='lat' dir='ltr'>p.</span> <span class='ocrx_word' id='word_1_114' title='bbox 325 2113 401 2188; x_wconf 82' lang='lat'><strong>336)</strong></span> <span class='ocrx_word' id='word_1_115' title='bbox 424 2111 509 2196; x_wconf 91' lang='lat' dir='ltr'>apud</span> <span class='ocrx_word' id='word_1_116' title='bbox 532 2111 687 2178; x_wconf 85' lang='lat' dir='ltr'>Senecam</span> <span class='ocrx_word' id='word_1_117' title='bbox 708 2130 771 2176; x_wconf 89' lang='lat' dir='ltr'>nou</span> <span class='ocrx_word' id='word_1_118' title='bbox 796 2116 932 2176; x_wconf 81' lang='lat' dir='ltr'>exstant.</span> 
     </span>
    </p>

    <p class='ocr_par' dir='ltr' id='par_1_8' title="bbox 149 2210 1273 2398">
     <span class='ocr_line' id='line_1_18' title="bbox 240 2210 1273 2300; baseline 0.002 -18"><span class='ocrx_word' id='word_1_119' title='bbox 240 2250 276 2258; x_wconf 94' lang='grc'><strong>-</strong></span> <span class='ocrx_word' id='word_1_120' title='bbox 301 2212 445 2295; x_wconf 81' lang='lat' dir='ltr'>„orlue.“</span> <span class='ocrx_word' id='word_1_121' title='bbox 490 2212 660 2300; x_wconf 72' lang='lat' dir='ltr'>adjectiva</span> <span class='ocrx_word' id='word_1_122' title='bbox 682 2233 702 2277; x_wconf 90' lang='lat' dir='ltr'>a</span> <span class='ocrx_word' id='word_1_123' title='bbox 724 2210 1104 2281; x_wconf 84' lang='lat' dir='ltr'>nominihusverbalibus</span> <span class='ocrx_word' id='word_1_124' title='bbox 1141 2215 1172 2282; x_wconf 88' lang='lat' dir='ltr'>io</span> <span class='ocrx_word' id='word_1_125' title='bbox 1203 2223 1273 2298; x_wconf 91' lang='lat' dir='ltr'>„tor</span> 
     </span>
     <span class='ocr_line' id='line_1_19' title="bbox 149 2313 448 2398; baseline -0.007 -16"><span class='ocrx_word' id='word_1_126' title='bbox 149 2313 258 2398; x_wconf 81' lang='lat' dir='ltr'>(sor)“</span> <span class='ocrx_word' id='word_1_127' title='bbox 280 2314 448 2390; x_wconf 86' lang='lat' dir='ltr'>inclinata:</span> 
     </span>
    </p>

    <p class='ocr_par' dir='ltr' id='par_1_9' title="bbox 237 2415 1214 2503">
     <span class='ocr_line' id='line_1_20' title="bbox 237 2415 1214 2503; baseline 0.003 -19"><span class='ocrx_word' id='word_1_128' title='bbox 237 2419 276 2484; x_wconf 90' lang='lat' dir='ltr'>N.</span> <span class='ocrx_word' id='word_1_129' title='bbox 300 2439 329 2503; x_wconf 91' lang='lat' dir='ltr'>q.</span> <span class='ocrx_word' id='word_1_130' title='bbox 352 2420 392 2502; x_wconf 92' lang='grc' dir='ltr'><em>ΙΙ,</em></span> <span class='ocrx_word' id='word_1_131' title='bbox 413 2421 463 2486; x_wconf 83' lang='grc'><strong>39.</strong></span> <span class='ocrx_word' id='word_1_132' title='bbox 487 2421 517 2498; x_wconf 89' lang='grc'>2,</span> <span class='ocrx_word' id='word_1_133' title='bbox 540 2415 750 2502; x_wconf 87' lang='lat' dir='ltr'>,monitorius&#39;</span> <span class='ocrx_word' id='word_1_134' title='bbox 774 2453 813 2462; x_wconf 91' lang='lat'>—</span> <span class='ocrx_word' id='word_1_135' title='bbox 836 2416 1050 2498; x_wconf 88' lang='lat' dir='ltr'>,monitorium</span> <span class='ocrx_word' id='word_1_136' title='bbox 1074 2418 1214 2487; x_wconf 68' lang='lat' dir='ltr'>fulmen!</span> 
     </span>
    </p>

    <p class='ocr_par' dir='ltr' id='par_1_10' title="bbox 201 2509 906 2605">
     <span class='ocr_line' id='line_1_21' title="bbox 201 2509 906 2605; baseline -0.004 -18"><span class='ocrx_word' id='word_1_137' title='bbox 201 2531 204 2536; x_wconf 86' lang='grc'><strong><em>’</em></strong></span> <span class='ocrx_word' id='word_1_138' title='bbox 237 2523 276 2588; x_wconf 89' lang='lat' dir='ltr'>N.</span> <span class='ocrx_word' id='word_1_139' title='bbox 299 2545 330 2605; x_wconf 93' lang='lat' dir='ltr'>q.</span> <span class='ocrx_word' id='word_1_140' title='bbox 354 2522 393 2600; x_wconf 93' lang='grc' dir='ltr'>ΙΙ,</span> <span class='ocrx_word' id='word_1_141' title='bbox 416 2522 467 2587; x_wconf 87' lang='grc'><strong>49.</strong></span> <span class='ocrx_word' id='word_1_142' title='bbox 492 2523 521 2600; x_wconf 94' lang='lat' dir='ltr'>l,</span> <span class='ocrx_word' id='word_1_143' title='bbox 544 2518 726 2603; x_wconf 88' lang='lat' dir='ltr'>,monitoria</span> <span class='ocrx_word' id='word_1_144' title='bbox 747 2509 906 2584; x_wconf 84' lang='lat' dir='ltr'>fulmirra.&#39;</span> 
     </span>
    </p>

    <p class='ocr_par' dir='ltr' id='par_1_11' title="bbox 238 2614 1272 2708">
     <span class='ocr_line' id='line_1_22' title="bbox 238 2614 1272 2708; baseline 0.003 -18"><span class='ocrx_word' id='word_1_145' title='bbox 238 2625 276 2691; x_wconf 91' lang='lat' dir='ltr'>N.</span> <span class='ocrx_word' id='word_1_146' title='bbox 300 2649 331 2708; x_wconf 89' lang='lat' dir='ltr'>q.</span> <span class='ocrx_word' id='word_1_147' title='bbox 356 2623 399 2706; x_wconf 89' lang='grc' dir='ltr'>ΙΙ,</span> <span class='ocrx_word' id='word_1_148' title='bbox 421 2626 471 2690; x_wconf 89' lang='grc'><strong>49.</strong></span> <span class='ocrx_word' id='word_1_149' title='bbox 498 2625 525 2706; x_wconf 90' lang='grc'><em>1,</em></span> <span class='ocrx_word' id='word_1_150' title='bbox 549 2620 787 2707; x_wconf 84' lang='lat' dir='ltr'>postulatories&#39;</span> <span class='ocrx_word' id='word_1_151' title='bbox 812 2661 850 2668; x_wconf 86' lang='lat'>—-</span> <span class='ocrx_word' id='word_1_152' title='bbox 879 2620 1101 2705; x_wconf 82' lang='lat' dir='ltr'>,postulaturis</span> <span class='ocrx_word' id='word_1_153' title='bbox 1116 2614 1272 2694; x_wconf 58' lang='lat' dir='ltr'>fulminas</span> 
     </span>
    </p>

    <p class='ocr_par' dir='ltr' id='par_1_12' title="bbox 155 2720 1271 2915">
     <span class='ocr_line' id='line_1_23' title="bbox 238 2720 1271 2813; baseline -0.001 -16"><span class='ocrx_word' id='word_1_154' title='bbox 238 2765 277 2775; x_wconf 81' lang='lat'>—</span> <span class='ocrx_word' id='word_1_155' title='bbox 299 2725 441 2812; x_wconf 80' lang='lat' dir='ltr'>„lelue.“</span> <span class='ocrx_word' id='word_1_156' title='bbox 485 2725 544 2810; x_wconf 82' lang='lat' dir='ltr'>Ep.</span> <span class='ocrx_word' id='word_1_157' title='bbox 568 2726 593 2804; x_wconf 93' lang='grc' dir='ltr'>Ι,</span> <span class='ocrx_word' id='word_1_158' title='bbox 618 2726 646 2789; x_wconf 81' lang='lat' dir='ltr'>i.</span> <span class='ocrx_word' id='word_1_159' title='bbox 668 2726 699 2807; x_wconf 89' lang='lat'>4,</span> <span class='ocrx_word' id='word_1_160' title='bbox 722 2720 964 2808; x_wconf 87' lang='lat' dir='ltr'>,postulatieius’</span> <span class='ocrx_word' id='word_1_161' title='bbox 986 2761 1027 2771; x_wconf 90' lang='lat'><em>-</em></span> <span class='ocrx_word' id='word_1_162' title='bbox 1043 2725 1113 2809; x_wconf 90' lang='lat' dir='ltr'>,hoc</span> <span class='ocrx_word' id='word_1_163' title='bbox 1127 2728 1271 2813; x_wconf 85' lang='lat' dir='ltr'>plerique</span> 
     </span>
     <span class='ocr_line' id='line_1_24' title="bbox 155 2817 995 2915; baseline -0.004 -20"><span class='ocrx_word' id='word_1_164' title='bbox 155 2828 324 2896; x_wconf 87' lang='lat' dir='ltr'>ordinariis</span> <span class='ocrx_word' id='word_1_165' title='bbox 345 2829 475 2915; x_wconf 88' lang='lat' dir='ltr'>paribus</span> <span class='ocrx_word' id='word_1_166' title='bbox 498 2837 528 2894; x_wconf 90' lang='lat' dir='ltr'>et</span> <span class='ocrx_word' id='word_1_167' title='bbox 551 2817 764 2914; x_wconf 77' lang='lat' dir='ltr'>postulaticiis</span> <span class='ocrx_word' id='word_1_168' title='bbox 790 2826 995 2910; x_wconf 63' lang='lat' dir='ltr'>praeierunt!</span> 
     </span>
    </p>

    <p class='ocr_par' dir='ltr' id='par_1_13' title="bbox 149 2928 1272 3427">
     <span class='ocr_line' id='line_1_25' title="bbox 241 2928 1272 3017; baseline 0.004 -21"><span class='ocrx_word' id='word_1_169' title='bbox 241 2931 298 3014; x_wconf 81' lang='lat' dir='ltr'>Ep.</span> <span class='ocrx_word' id='word_1_170' title='bbox 322 2932 374 3011; x_wconf 91' lang='lat' dir='ltr'>VI,</span> <span class='ocrx_word' id='word_1_171' title='bbox 398 2934 424 2996; x_wconf 91' lang='grc' dir='ltr'>Ι.</span> <span class='ocrx_word' id='word_1_172' title='bbox 448 2933 478 3010; x_wconf 83' lang='lat' dir='ltr'>e,</span> <span class='ocrx_word' id='word_1_173' title='bbox 529 2928 764 3014; x_wconf 85' lang='lat' dir='ltr'>,perpessicius&#39;</span> <span class='ocrx_word' id='word_1_174' title='bbox 809 2929 872 3014; x_wconf 87' lang='lat'>(=</span> <span class='ocrx_word' id='word_1_175' title='bbox 915 2929 1024 2996; x_wconf 87' lang='lat' dir='ltr'>omnia</span> <span class='ocrx_word' id='word_1_176' title='bbox 1067 2931 1272 3017; x_wconf 82' lang='lat' dir='ltr'>perpetiens)</span> 
     </span>
     <span class='ocr_line' id='line_1_26' title="bbox 154 3030 1271 3120; baseline 0.006 -23"><span class='ocrx_word' id='word_1_177' title='bbox 154 3031 304 3117; x_wconf 88' lang='lat' dir='ltr'>,aecipite</span> <span class='ocrx_word' id='word_1_178' title='bbox 326 3034 504 3117; x_wconf 77' lang='lat' dir='ltr'>Socratem,</span> <span class='ocrx_word' id='word_1_179' title='bbox 538 3030 768 3116; x_wconf 87' lang='lat' dir='ltr'>perpessicium</span> <span class='ocrx_word' id='word_1_180' title='bbox 791 3050 913 3113; x_wconf 90' lang='lat' dir='ltr'>serrem,</span> <span class='ocrx_word' id='word_1_181' title='bbox 947 3050 1004 3114; x_wconf 90' lang='lat' dir='ltr'>per</span> <span class='ocrx_word' id='word_1_182' title='bbox 1025 3031 1133 3098; x_wconf 90' lang='lat' dir='ltr'>omnia</span> <span class='ocrx_word' id='word_1_183' title='bbox 1154 3055 1271 3120; x_wconf 90' lang='lat' dir='ltr'>aspera</span> 
     </span>
     <span class='ocr_line' id='line_1_27' title="bbox 151 3131 1271 3220; baseline 0.003 -18"><span class='ocrx_word' id='word_1_184' title='bbox 151 3134 332 3220; x_wconf 67' lang='lat' dir='ltr'>perlatum!</span> <span class='ocrx_word' id='word_1_185' title='bbox 372 3173 407 3182; x_wconf 92' lang='lat'>-</span> <span class='ocrx_word' id='word_1_186' title='bbox 438 3137 525 3201; x_wconf 89' lang='lat' dir='ltr'>Inter</span> <span class='ocrx_word' id='word_1_187' title='bbox 561 3153 673 3200; x_wconf 88' lang='lat' dir='ltr'>omnes</span> <span class='ocrx_word' id='word_1_188' title='bbox 711 3132 804 3217; x_wconf 87' lang='lat' dir='ltr'>hujus</span> <span class='ocrx_word' id='word_1_189' title='bbox 840 3131 971 3198; x_wconf 87' lang='lat' dir='ltr'>ficturae</span> <span class='ocrx_word' id='word_1_190' title='bbox 1007 3153 1104 3202; x_wconf 88' lang='lat' dir='ltr'>voees</span> <span class='ocrx_word' id='word_1_191' title='bbox 1136 3137 1271 3208; x_wconf 87' lang='lat' dir='ltr'>alteram</span> 
     </span>
     <span class='ocr_line' id='line_1_28' title="bbox 149 3234 1272 3323; baseline 0.005 -19"><span class='ocrx_word' id='word_1_192' title='bbox 149 3237 272 3323; x_wconf 88' lang='lat' dir='ltr'>opinor</span> <span class='ocrx_word' id='word_1_193' title='bbox 293 3258 353 3304; x_wconf 88' lang='lat' dir='ltr'>nou</span> <span class='ocrx_word' id='word_1_194' title='bbox 378 3237 525 3314; x_wconf 87' lang='lat' dir='ltr'>inveniri,</span> <span class='ocrx_word' id='word_1_195' title='bbox 563 3255 645 3320; x_wconf 88' lang='lat' dir='ltr'>quae</span> <span class='ocrx_word' id='word_1_196' title='bbox 682 3256 721 3302; x_wconf 88' lang='lat' dir='ltr'>ex</span> <span class='ocrx_word' id='word_1_197' title='bbox 751 3234 848 3302; x_wconf 83' lang='lat' dir='ltr'>verbo</span> <span class='ocrx_word' id='word_1_198' title='bbox 879 3234 1098 3318; x_wconf 85' lang='lat' dir='ltr'>deponentiali</span> <span class='ocrx_word' id='word_1_199' title='bbox 1125 3240 1272 3314; x_wconf 85' lang='lat' dir='ltr'>derivata</span> 
     </span>
     <span class='ocr_line' id='line_1_29' title="bbox 149 3336 1248 3427; baseline 0.006 -21"><span class='ocrx_word' id='word_1_200' title='bbox 149 3340 195 3407; x_wconf 85' lang='lat' dir='ltr'>sit</span> <span class='ocrx_word' id='word_1_201' title='bbox 218 3348 251 3406; x_wconf 89' lang='lat' dir='ltr'>et</span> <span class='ocrx_word' id='word_1_202' title='bbox 274 3338 345 3406; x_wconf 90' lang='lat' dir='ltr'>ideo</span> <span class='ocrx_word' id='word_1_203' title='bbox 368 3341 408 3406; x_wconf 87' lang='lat' dir='ltr'>ab</span> <span class='ocrx_word' id='word_1_204' title='bbox 427 3339 518 3427; x_wconf 87' lang='lat' dir='ltr'>justa</span> <span class='ocrx_word' id='word_1_205' title='bbox 539 3338 683 3423; x_wconf 89' lang='lat' dir='ltr'>patiendi</span> <span class='ocrx_word' id='word_1_206' title='bbox 706 3338 836 3405; x_wconf 88' lang='lat' dir='ltr'>notione</span> <span class='ocrx_word' id='word_1_207' title='bbox 859 3336 901 3403; x_wconf 89' lang='lat' dir='ltr'>ad</span> <span class='ocrx_word' id='word_1_208' title='bbox 923 3339 1050 3421; x_wconf 85' lang='lat' dir='ltr'>agentis</span> <span class='ocrx_word' id='word_1_209' title='bbox 1073 3341 1248 3414; x_wconf 88' lang='lat' dir='ltr'>deflexerit.</span> 
     </span>
    </p>
   </div>
   <div class='ocr_carea' id='block_1_3' title="bbox 150 3478 1271 3778">
    <p class='ocr_par' dir='ltr' id='par_1_14' title="bbox 150 3478 1271 3778">
     <span class='ocr_line' id='line_1_30' title="bbox 237 3478 1270 3568; baseline 0.003 -21"><span class='ocrx_word' id='word_1_210' title='bbox 237 3515 278 3527; x_wconf 93' lang='lat'>-</span> <span class='ocrx_word' id='word_1_211' title='bbox 299 3479 429 3563; x_wconf 81' lang='lat' dir='ltr'>,‚lvtre.“</span> <span class='ocrx_word' id='word_1_212' title='bbox 472 3479 531 3563; x_wconf 83' lang='lat' dir='ltr'>Ep.</span> <span class='ocrx_word' id='word_1_213' title='bbox 554 3478 622 3558; x_wconf 88' lang='lat' dir='ltr'>XV,</span> <span class='ocrx_word' id='word_1_214' title='bbox 645 3479 674 3543; x_wconf 84' lang='lat'>3.</span> <span class='ocrx_word' id='word_1_215' title='bbox 700 3480 748 3556; x_wconf 83' lang='lat'>10,</span> <span class='ocrx_word' id='word_1_216' title='bbox 783 3478 1073 3563; x_wconf 71' lang='lat' dir='ltr'>,contemplativus¹</span> <span class='ocrx_word' id='word_1_217' title='bbox 1096 3520 1138 3531; x_wconf 87' lang='lat'>——</span> <span class='ocrx_word' id='word_1_218' title='bbox 1159 3483 1270 3568; x_wconf 91' lang='lat' dir='ltr'>,philo-</span> 
     </span>
     <span class='ocr_line' id='line_1_31' title="bbox 152 3582 1271 3671; baseline 0.004 -23"><span class='ocrx_word' id='word_1_219' title='bbox 152 3583 269 3668; x_wconf 83' lang='lat' dir='ltr'>sophia</span> <span class='ocrx_word' id='word_1_220' title='bbox 291 3591 399 3650; x_wconf 86' lang='lat' dir='ltr'>auteur</span> <span class='ocrx_word' id='word_1_221' title='bbox 421 3593 454 3651; x_wconf 91' lang='lat' dir='ltr'>et</span> <span class='ocrx_word' id='word_1_222' title='bbox 476 3582 728 3668; x_wconf 83' lang='lat' dir='ltr'>contemplativa</span> <span class='ocrx_word' id='word_1_223' title='bbox 750 3587 782 3647; x_wconf 89' lang='lat' dir='ltr'>et</span> <span class='ocrx_word' id='word_1_224' title='bbox 803 3582 908 3650; x_wconf 81' lang='lat' dir='ltr'>activa</span> <span class='ocrx_word' id='word_1_225' title='bbox 930 3591 994 3664; x_wconf 83' lang='lat' dir='ltr'>est3</span> <span class='ocrx_word' id='word_1_226' title='bbox 1028 3594 1154 3671; x_wconf 84' lang='lat' dir='ltr'>spectat</span> <span class='ocrx_word' id='word_1_227' title='bbox 1176 3587 1271 3653; x_wconf 88' lang='lat' dir='ltr'>simul</span> 
     </span>
     <span class='ocr_line' id='line_1_32' title="bbox 150 3685 1128 3778; baseline 0.002 -26"><span class='ocrx_word' id='word_1_228' title='bbox 150 3686 308 3771; x_wconf 61' lang='lat' dir='ltr'>agitque)</span> <span class='ocrx_word' id='word_1_229' title='bbox 354 3685 403 3752; x_wconf 81' lang='lat' dir='ltr'>cf.</span> <span class='ocrx_word' id='word_1_230' title='bbox 428 3686 486 3770; x_wconf 81' lang='lat' dir='ltr'>Ep.</span> <span class='ocrx_word' id='word_1_231' title='bbox 508 3685 575 3765; x_wconf 89' lang='lat' dir='ltr'>XV,</span> <span class='ocrx_word' id='word_1_232' title='bbox 598 3686 627 3749; x_wconf 83' lang='lat'>3.</span> <span class='ocrx_word' id='word_1_233' title='bbox 653 3686 702 3764; x_wconf 88' lang='lat' dir='ltr'>ll,</span> <span class='ocrx_word' id='word_1_234' title='bbox 725 3703 790 3766; x_wconf 91' lang='lat' dir='ltr'>,ars</span> <span class='ocrx_word' id='word_1_235' title='bbox 813 3686 1084 3771; x_wconf 67' lang='lat' dir='ltr'>contemplativa:</span> <span class='ocrx_word' id='word_1_236' title='bbox 1125 3771 1128 3778; x_wconf 18' lang='grc' dir='ltr'>ἱ</span> 
     </span>
    </p>
   </div>
   <div class='ocr_carea' id='block_1_4' title="bbox 143 3821 1355 4113">
    <p class='ocr_par' dir='ltr' id='par_1_15' title="bbox 143 3821 1355 4113">
     <span class='ocr_line' id='line_1_33' title="bbox 238 3821 1269 3910; baseline 0.004 -21"><span class='ocrx_word' id='word_1_237' title='bbox 238 3825 299 3910; x_wconf 80' lang='lat' dir='ltr'>llp.</span> <span class='ocrx_word' id='word_1_238' title='bbox 323 3824 406 3907; x_wconf 92' lang='lat' dir='ltr'>XlX,</span> <span class='ocrx_word' id='word_1_239' title='bbox 429 3826 458 3890; x_wconf 89' lang='lat'>8.</span> <span class='ocrx_word' id='word_1_240' title='bbox 484 3826 532 3903; x_wconf 87' lang='lat'>13,</span> <span class='ocrx_word' id='word_1_241' title='bbox 556 3821 810 3901; x_wconf 82' lang='lat' dir='ltr'>,enunciativus&#39;</span> <span class='ocrx_word' id='word_1_242' title='bbox 828 3857 873 3871; x_wconf 53' lang='grc'>’-</span> <span class='ocrx_word' id='word_1_243' title='bbox 904 3823 973 3904; x_wconf 85' lang='lat' dir='ltr'>,has</span> <span class='ocrx_word' id='word_1_244' title='bbox 996 3822 1113 3890; x_wconf 87' lang='lat' dir='ltr'>deinde</span> <span class='ocrx_word' id='word_1_245' title='bbox 1133 3845 1269 3908; x_wconf 87' lang='lat' dir='ltr'>sequun-</span> 
     </span>
     <span class='ocr_line' id='line_1_34' title="bbox 145 3922 1355 4022; baseline -0.001 -29"><span class='ocrx_word' id='word_1_246' title='bbox 145 3938 202 3994; x_wconf 88' lang='lat' dir='ltr'>tur·</span> <span class='ocrx_word' id='word_1_247' title='bbox 225 3935 331 3993; x_wconf 87' lang='lat' dir='ltr'>motus</span> <span class='ocrx_word' id='word_1_248' title='bbox 354 3927 533 3992; x_wconf 86' lang='lat' dir='ltr'>animorum</span> <span class='ocrx_word' id='word_1_249' title='bbox 549 3922 742 3992; x_wconf 87' lang='lat' dir='ltr'>enrrneiativi</span> <span class='ocrx_word' id='word_1_250' title='bbox 766 3975 773 3991; x_wconf 89' lang='lat'><strong>.</strong></span> <span class='ocrx_word' id='word_1_251' title='bbox 798 3977 805 3992; x_wconf 91' lang='lat'><strong>.</strong></span> <span class='ocrx_word' id='word_1_252' title='bbox 829 3976 836 3990; x_wconf 95' lang='lat'><strong>.</strong></span> <span class='ocrx_word' id='word_1_253' title='bbox 859 3924 1097 3992; x_wconf 80' lang='lat' dir='ltr'>enunciatirum</span> <span class='ocrx_word' id='word_1_254' title='bbox 1120 3925 1269 4022; x_wconf 86' lang='lat' dir='ltr'>quiddam</span> <span class='ocrx_word' id='word_1_255' title='bbox 1352 3957 1355 3964; x_wconf 24' lang='grc' dir='ltr'><strong>Δ</strong></span> 
     </span>
     <span class='ocr_line' id='line_1_35' title="bbox 143 4027 1201 4113; baseline -0.002 -16"><span class='ocrx_word' id='word_1_256' title='bbox 143 4031 190 4098; x_wconf 89' lang='lat' dir='ltr'>de</span> <span class='ocrx_word' id='word_1_257' title='bbox 216 4048 381 4113; x_wconf 89' lang='lat' dir='ltr'>corpore.</span> <span class='ocrx_word' id='word_1_258' title='bbox 405 4083 412 4098; x_wconf 91' lang='lat'><strong>.</strong></span> <span class='ocrx_word' id='word_1_259' title='bbox 436 4082 443 4096; x_wconf 89' lang='lat'><strong>.</strong></span> <span class='ocrx_word' id='word_1_260' title='bbox 467 4028 551 4113; x_wconf 88' lang='lat' dir='ltr'>quod</span> <span class='ocrx_word' id='word_1_261' title='bbox 574 4027 630 4093; x_wconf 92' lang='lat' dir='ltr'>alii</span> <span class='ocrx_word' id='word_1_262' title='bbox 653 4077 659 4090; x_wconf 92' lang='lat'><strong>.</strong></span> <span class='ocrx_word' id='word_1_263' title='bbox 683 4076 691 4093; x_wconf 92' lang='lat'><strong>.</strong></span> <span class='ocrx_word' id='word_1_264' title='bbox 716 4076 723 4092; x_wconf 90' lang='lat'><strong>.</strong></span> <span class='ocrx_word' id='word_1_265' title='bbox 747 4035 893 4096; x_wconf 86' lang='lat' dir='ltr'>vocant.</span> <span class='ocrx_word' id='word_1_266' title='bbox 916 4077 924 4092; x_wconf 91' lang='lat'><strong>.</strong></span> <span class='ocrx_word' id='word_1_267' title='bbox 947 4075 955 4090; x_wconf 91' lang='lat'><strong>.</strong></span> <span class='ocrx_word' id='word_1_268' title='bbox 978 4027 1201 4096; x_wconf 67' lang='lat' dir='ltr'>cornemium!</span> 
     </span>
    </p>
   </div>
   <div class='ocr_carea' id='block_1_5' title="bbox 142 4165 1271 4354">
    <p class='ocr_par' dir='ltr' id='par_1_16' title="bbox 142 4165 1271 4354">
     <span class='ocr_line' id='line_1_36' title="bbox 239 4165 1271 4252; baseline 0 -19"><span class='ocrx_word' id='word_1_269' title='bbox 239 4167 278 4233; x_wconf 91' lang='lat' dir='ltr'>N.</span> <span class='ocrx_word' id='word_1_270' title='bbox 301 4189 331 4250; x_wconf 93' lang='lat' dir='ltr'>q.</span> <span class='ocrx_word' id='word_1_271' title='bbox 354 4169 508 4251; x_wconf 83' lang='lat'>11,47.1‚</span> <span class='ocrx_word' id='word_1_272' title='bbox 532 4165 774 4252; x_wconf 82' lang='lat' dir='ltr'>,prorogativus&#39;</span> <span class='ocrx_word' id='word_1_273' title='bbox 790 4204 830 4214; x_wconf 89' lang='lat'>—</span> <span class='ocrx_word' id='word_1_274' title='bbox 847 4172 1013 4252; x_wconf 87' lang='lat' dir='ltr'>,perpetua</span> <span class='ocrx_word' id='word_1_275' title='bbox 1034 4185 1108 4233; x_wconf 87' lang='lat' dir='ltr'>esse</span> <span class='ocrx_word' id='word_1_276' title='bbox 1136 4165 1271 4233; x_wconf 84' lang='lat' dir='ltr'>fulmina</span> 
     </span>
     <span class='ocr_line' id='line_1_37' title="bbox 142 4267 1052 4354; baseline -0.005 -16"><span class='ocrx_word' id='word_1_277' title='bbox 142 4279 208 4338; x_wconf 87' lang='lat' dir='ltr'>aut</span> <span class='ocrx_word' id='word_1_278' title='bbox 234 4268 324 4335; x_wconf 89' lang='lat' dir='ltr'>linita</span> <span class='ocrx_word' id='word_1_279' title='bbox 347 4278 403 4336; x_wconf 91' lang='lat' dir='ltr'>aut</span> <span class='ocrx_word' id='word_1_280' title='bbox 424 4267 648 4354; x_wconf 60' lang='lat' dir='ltr'>prerogativa?</span> <span class='ocrx_word' id='word_1_281' title='bbox 694 4268 742 4334; x_wconf 82' lang='lat' dir='ltr'>Ol.</span> <span class='ocrx_word' id='word_1_282' title='bbox 765 4269 803 4334; x_wconf 93' lang='lat' dir='ltr'>N.</span> <span class='ocrx_word' id='word_1_283' title='bbox 827 4289 857 4351; x_wconf 90' lang='lat' dir='ltr'>q.</span> <span class='ocrx_word' id='word_1_284' title='bbox 880 4267 926 4351; x_wconf 90' lang='grc' dir='ltr'><em>ΙΙ,</em></span> <span class='ocrx_word' id='word_1_285' title='bbox 949 4268 999 4334; x_wconf 90' lang='grc'><strong>48.</strong></span> <span class='ocrx_word' id='word_1_286' title='bbox 1025 4270 1052 4333; x_wconf 95' lang='grc'><strong>1.</strong></span> 
     </span>
    </p>
   </div>
   <div class='ocr_carea' id='block_1_6' title="bbox 0 0 1596 5026">
    <p class='ocr_par' dir='ltr' id='par_1_17' title="bbox 0 0 1596 5026">
     <span class='ocr_line' id='line_1_38' title="bbox 0 0 1596 5026; baseline 0 0"><span class='ocrx_word' id='word_1_287' title='bbox 0 0 1596 5026; x_wconf 95' lang='lat' dir='ltr'> </span> 
     </span>
    </p>
   </div>
  </div>
 </body>
</html>
