3182 5026
834 367 876 430 66

298 548 416 616 dicitur
448 548 546 634 uerbi,
577 569 659 632 quae
688 557 758 617 orta
782 550 938 636 accipitur
964 572 1003 617 ex
1025 551 1122 618 verbo
1151 549 1325 635 geminato,
1352 550 1415 618 hac

299 651 563 731 uideturnatura,
585 657 620 717 ut
634 651 774 720 notionis
797 652 878 719 fines
906 653 1034 738 longlns
1060 653 1212 738 proferat,
1269 651 1412 720 Eandem

301 752 368 819 sore
391 753 455 820 vim
479 753 576 819 habet
593 753 774 838 particulae
795 754 980 838 geminatio.

383 889 502 984 ,mado
525 889 644 961 modo“
681 910 745 958 non
783 888 944 957 diversum
981 891 1108 958 videtur
1129 914 1149 957 a
1172 892 1313 976 simplici
1341 912 1413 977 par-

296 993 396 1063 ticula
417 994 481 1061 uisi
503 994 750 1078 significatione,
788 1011 872 1076 quae
909 993 983 1060 huic
1005 994 1074 1062 uoci
1111 994 1205 1080 inest,
1243 995 1414 1079 temporali

298 1093 507 1163 distinctiora.

382 1214 433 1279 Ad
455 1215 548 1282 Helv.
572 1216 622 1282 de.
646 1235 731 1282 cons.
754 1218 784 1282 2.
807 1216 837 1296 5,
861 1214 966 1296 ,modo
981 1215 1076 1282 modo
1092 1216 1124 1282 in
1141 1217 1278 1284 eundem
1295 1218 1411 1301 sinum,

298 1336 337 1388 ex
352 1336 415 1399 quo
439 1323 504 1382 tres
526 1327 661 1404 nepotes
684 1317 830 1398 emisisti,
853 1336 928 1384 ossa
951 1318 1046 1384 trium
1069 1326 1221 1404 nepotum
1244 1319 1412 1405 recepisti!

297 1418 348 1484 De
371 1419 455 1485 brev.
477 1419 533 1485 vlt.
558 1423 607 1488 18.
631 1423 661 1500 5,
698 1418 803 1505 ,modo
826 1419 920 1486 modo
957 1419 1042 1487 intra
1077 1440 1198 1506 paucos
1234 1421 1308 1488 illos
1334 1422 1413 1507 dies,

298 1521 413 1604 quibus
436 1520 470 1587 0.
496 1521 617 1598 Caesar
639 1522 755 1608 periit!

381 1674 534 1746 „sempor
557 1662 718 1751 campar.“
764 1659 813 1724 De
835 1659 891 1726 vit.
914 1660 997 1727 beat.
1021 1663 1050 1728 t.
1072 1663 1103 1742 4,
1126 1679 1310 1746 ,numquam
1326 1661 1411 1728 enim

297 1770 385 1826 recta
407 1783 498 1830 mens
522 1765 656 1832 vertitur
677 1783 737 1828 nec
760 1761 821 1828 sibi
842 1761 917 1828 odio
936 1764 1001 1854 est,
1035 1759 1289 1848 necquidquam
1311 1771 1412 1830 muta·

293 1862 352 1948 uit,
374 1865 450 1948 quia
472 1885 602 1950 semper
623 1883 752 1949 semper
773 1870 885 1930 secuta
907 1871 957 1929 est
980 1863 1121 1948 optima'
1250 1953 1252 1958 Ι

380 1996 483 2070 Loco‘s
506 2023 571 2084 eos,
594 2002 707 2086 quibus
729 2001 868 2068 occurrit
889 2000 995 2087 „jam
1024 2000 1148 2088 jam“,
1185 2019 1282 2084 quam
1311 2001 1411 2086 gemi-

299 2104 462 2186 nationem
484 2106 595 2190 purior
616 2123 741 2189 quoque
764 2123 869 2170 sermo
885 2102 1039 2184 adhibuit,
1054 2103 1411 2190 praetermittamus.—

295 2204 366 2272 Iam
390 2208 433 2273 ad
454 2207 606 2274 similium
629 2207 858 2291 particularum
881 2206 1145 2292 compositionem
1168 2213 1380 2273 transeamus.

380 2343 515 2428 „deinde
536 2343 645 2418 lune.“
702 2345 763 2431 Ep.
792 2346 817 2426 l,
841 2347 890 2410 10.
912 2344 945 2428 4,
980 2363 1069 2427 ,roga
1104 2345 1221 2410 bonam
1259 2353 1410 2427 mentem,

296 2446 412 2511 bonam
448 2447 667 2514 valetudinem
704 2446 814 2526 animi,
858 2445 975 2511 deinde
1010 2455 1085 2510 tuno
1122 2447 1285 2531 corporis!
1348 2447 1410 2532 Ep.

295 2547 380 2632 XIX,
396 2549 423 2615 8.
441 2553 469 2634 1,
493 2550 640 2634 ,primum
657 2569 825 2636 exponam,
841 2547 958 2614 deinde
974 2554 1049 2613 tuno
1063 2595 1071 2613 .
1087 2597 1095 2613 .
1112 2549 1129 2615 .’
1172 2547 1227 2634 hp.
1243 2549 1296 2632 IX,
1312 2551 1342 2616 3.
1358 2551 1409 2630 22,

235 2711 236 2720 ,
294 2651 388 2730 ,Quid
418 2702 426 2720 .
452 2701 491 2718 ..
528 2653 647 2732 soleat,
684 2672 817 2737 ponam,
851 2649 969 2715 deinde
1005 2657 1082 2716 tuno
1117 2649 1290 2735 adjiciam!
1348 2647 1409 2736 Ep‘.

293 2753 395 2838 XVIl,
420 2757 447 2821 1.
467 2756 499 2839 4,
534 2773 660 2839 ,emam
696 2752 885 2836 aedificabo,
922 2751 1060 2834 credam,
1096 2751 1233 2836 exigam,
1269 2753 1408 2821 honores

293 2877 415 2941 geram,
438 2866 529 2923 tnnc
551 2855 693 2924 deinde
715 2907 723 2925 .
747 2904 755 2922 .
778 2907 785 2923 .
808 2855 967 2921 reseram'

241 3013 243 3018 '
377 3002 474 3090 ‚poet
495 2999 640 3072 dalnda.“
683 3001 733 3068 De
757 3001 827 3068 ban.
851 3003 894 3085 ΙΙ,
916 3002 965 3066 34.
990 3002 1018 3083 1,
1040 2999 1187 3083 ,primum
1209 2996 1303 3064 iecit:
1326 2999 1408 3064 bono

293 3103 401 3170 animo
439 3105 556 3170 bonum
593 3103 706 3178 obtulit
730 3155 737 3171 .
762 3153 769 3170 .
791 3149 800 3176 ,
822 3109 896 3188 post
935 3101 1052 3170 deinde
1088 3101 1182 3170 aliter
1219 3097 1408 3166 heneficium

294 3203 388 3270 aliter
411 3205 566 3272 creditum
589 3206 741 3282 solvitur)
786 3205 867 3272 Gell.
895 3205 973 3272 Vell.
995 3205 1069 3270 Ter.
1107 3231 1110 3240 ·

378 3329 436 3412 „ai
457 3335 619 3419 quoque.“
661 3335 720 3418 Ep.
743 3331 832 3416 XlIl,
854 3333 883 3397 3.
907 3331 958 3415 24,
982 3327 1272 3414 ,quemadmodum
1295 3329 1406 3412 inquit,

293 3439 344 3498 est
365 3433 475 3525 alipna
496 3454 572 3519 pars
589 3435 812 3520 philosophiae
828 3433 995 3516 naturalis,
1017 3439 1067 3498 est
1082 3431 1190 3515 aliona
1207 3431 1337 3498 moralis
1353 3480 1360 3496 .
1375 3481 1382 3496 .
1399 3479 1407 3496 .

293 3533 340 3600 sio
363 3542 395 3601 et
416 3536 497 3602 haec
533 3557 657 3620 quoque
693 3536 875 3604 liberalium
899 3535 1022 3606 ¹artium
1044 3535 1137 3601 turba
1160 3535 1264 3599 locum
1289 3533 1350 3600 sibi
1373 3533 1405 3598 in

292 3637 498 3724 philosophia
526 3638 687 3706 vindicat)
743 3641 801 3724 Ep.
824 3639 973 3723 1,5.t1o,
1011 3639 1132 3724 ,accipe
1155 3633 1239 3719 qnod
1270 3635 1405 3719 placuit3

293 3746 326 3804 et
358 3739 419 3805 hoo
455 3758 581 3823 quoqne
608 3761 648 3806 ex
669 3741 784 3808 alienis
820 3742 967 3808 hortulis
991 3747 1151 3826 sumptum
1189 3735 1257 3803 est!
1309 3737 1353 3804 hl.
1376 3757 1404 3820 q.

292 3841 335 3922 ll,
358 3843 408 3908 ll.
431 3843 462 3923 2,
499 3843 604 3927 ,lunae
626 3844 804 3929 proximum
823 3843 879 3930 jus
901 3850 963 3918 est:
992 3842 1050 3910 sed
1079 3848 1111 3908 et
1132 3847 1259 3906 ceterae
1281 3857 1405 3923 qaoque

293 3943 408 4010 stellae
440 3965 505 4011 non
535 3945 640 4012 minus
663 3993 671 4010 .
695 3997 701 4011 .
724 3947 742 4011 .’
800 3947 856 4030 Ep.
879 3944 1001 4028 xv111,
1024 3948 1054 4011 2.
1078 3948 1106 4024 l,
1143 3940 1342 4024 ,quomodo..

292 4047 340 4114 sic
361 4055 394 4114 et
416 4055 448 4113 tu
472 4067 596 4132 quoquo
618 4095 625 4113 .
648 4095 656 4113 .
680 4049 698 4113 .’
742 4047 800 4132 Ep.
825 4050 851 4130 I,
873 4050 955 4129 25,
979 4053 1023 4129 ,et
1043 4045 1132 4110 illam
1155 4042 1299 4128 quoquo.¹
1344 4045 1404 4128 Ep

292 4149 380 4234 VlIl,
403 4150 433 4216 2.
460 4152 488 4233 1,
511 4169 574 4232 ,res
588 4149 879 4218 nostrae‘ieruntur
893 4152 991 4217 immo
1005 4147 1174 4214 volvuntur
1196 4193 1203 4208 .
1226 4193 1233 4209 .
1257 4194 1265 4209 .
1288 4147 1322 4212 et
1343 4144 1402 4211 hoc

291 4270 417 4334 quoque
439 4251 536 4318 nimis
558 4250 775 4319 tardonem*
