3182 5026
719 373 761 438 29

183 558 368 645 splendida,
406 556 525 642 quippe
552 576 633 642 quae
670 558 774 641 megla
803 558 959 643 placeret,
995 579 1092 640 quam
1122 559 1229 625 sobria
1263 579 1302 624 ao

184 659 332 727 modesta
357 660 603 744 argumentatio,
631 659 813 726 illustravit.
863 661 1027 746 Imagines
1057 667 1165 728 autern
1187 666 1302 744 poetae

186 762 326 847 quidem,
348 761 414 844 qui,
439 783 502 829 non
531 762 632 829 nimia
659 762 927 829 immoderatione
955 763 1075 848 elatus,
1099 762 1229 829 modurn
1251 783 1303 828 ex-

187 865 286 946 cedit‚
309 884 491 931 sermonem
519 865 682 948 floridum,
709 864 892 950 philosophi
920 886 997 931 vero
1031 873 1222 949 argumenta
1250 885 1301 930 su-

189 974 300 1051 specta
330 966 476 1034 reddunt.
529 968 724 1051 Quocunque
747 970 831 1034 enim
863 969 1005 1052 imagine
1032 955 1158 1052 utimur,
1195 967 1303 1050 utique

186 1071 246 1135 hoe
269 1077 319 1135 est
341 1070 530 1154 periculum,
553 1091 594 1136 ne
617 1069 869 1152 similitudinem,
900 1071 1028 1154 longius
1051 1067 1239 1155 productam
1262 1069 1304 1134 ad

186 1191 239 1238 res
262 1172 346 1237 inter
376 1192 412 1238 se
435 1171 582 1239 diversas
610 1173 853 1240 transferamus.
899 1174 1113 1253 Quamobrem
1140 1172 1210 1238 lieri
1240 1191 1303 1238 non

187 1281 306 1357 potest,
328 1273 403 1356 quin
428 1275 467 1341 ab
490 1275 550 1341 hoc
577 1274 738 1342 scribendi
760 1295 880 1360 genere
895 1295 1028 1343 corusco
1051 1283 1085 1340 ct
1106 1275 1145 1340 ab
1161 1273 1303 1340 flosculis

190 1375 334 1442 studiose
357 1379 556 1460 conquisitis,
580 1395 713 1461 quorum
734 1377 845 1464 lepida
867 1378 1008 1444 novitate
1025 1397 1119 1444 aures
1135 1375 1304 1441 titillantur

189 1478 340 1562 aciesque
362 1479 523 1546 oculorum
553 1481 809 1566 praestringitur,
847 1480 955 1548 taedio
983 1485 1176 1545 avertamur.
1230 1479 1304 1544 Jam

189 1599 229 1646 ex
253 1580 427 1648 immodica
456 1583 700 1649 translationum
723 1585 848 1650 luxuria
871 1583 1019 1667 exemplu
1049 1587 1206 1666 quantum
1235 1579 1306 1646 fieri

187 1689 304 1766 potest,
327 1683 474 1750 ordinate
496 1687 715 1771 proferamus:

273 1785 413 1852 Variis
435 1805 482 1852 ex
497 1787 744 1856 animalibus
759 1791 880 1874 petitae
895 1787 1124 1856 similitudines
1139 1786 1200 1853 hae
1216 1787 1309 1853 sunt:¹

185 1889 246 1975 Ep.
269 1889 360 1972 XIV,
378 1892 409 1955 2.
430 1890 462 1971 4,
484 1910 560 1970 ,non
583 1892 749 1976 praecedit
771 1901 916 1960 armenta
938 1892 1081 1978 degener
1103 1897 1211 1954 taurus
1234 1937 1242 1954 .
1266 1939 1273 1954 .
1294 1889 1304 1952 '.

187 1990 435 2076 elephantorum
450 2012 583 2077 gregem
595 1992 839 2062 'excelsissimus
855 1995 952 2062 ducit.
979 1995 1067 2060 Inter
1081 1990 1229 2058 homines
1244 2041 1252 2056 .
1265 2041 1273 2056 .
1287 1989 1305 2055 .’

190 2094 250 2178 Ep.
273 2093 342 2174 XV,
363 2096 394 2161 2.
415 2096 469 2176 41,
497 2096 630 2177 ,minuta
657 2095 817 2181 quaedam
846 2097 1016 2177 animalia,
1048 2115 1120 2162 curn
1149 2091 1306 2172 mordent,

189 2196 466 2264 consentiuntur.
510 2199 728 2265 Homines..
753 2201 770 2264 .’
799 2199 860 2284 Ep.
885 2199 954 2279 XV,
977 2201 1005 2264 3.
1027 2199 1078 2284 41,
1108 2193 1306 2281 ,hereditatis

190 2319 288 2366 causa
315 2299 408 2382 lacit3
452 2301 559 2368 vultur
592 2309 650 2383 est,
688 2300 829 2368 cadaver
858 2302 1042 2386 exspectat.²
1092 2296 1215 2366 Similis
1258 2304 1308 2364 est

188 2401 379 2470 similitudo:
408 2402 459 2468 De
480 2403 554 2476 ben.
584 2406 637 2486 lV,
667 2407 718 2471 20.
741 2408 771 2487 3,
800 2404 975 2493 ,ingratum
1003 2422 1093 2482 voco,
1122 2399 1177 2484 qui
1208 2419 1307 2484 aegro

189 2503 327 2585 adsedit,
360 2505 434 2588 qnia
459 2511 688 2573 testamentum
720 2507 864 2574 facturus
885 2515 936 2573 est
964 2557 971 2572 .
996 2556 1003 2570 .
1027 2557 1035 2572 .
1056 2511 1092 2570 nt
1111 2522 1202 2585 aves,
1224 2520 1307 2586 quae

190 2605 386 2672 laceratione
424 2627 591 2694 corporum
621 2610 767 2693 aluntur,
802 2611 892 2676 lassa
919 2608 1032 2675 morbo
1054 2625 1173 2694 pecora
1201 2613 1234 2671 et
1255 2623 1305 2670 ca·

192 2723 286 2776 surae
307 2711 452 2794 proximo
482 2713 699 2798 speculantur,
729 2714 775 2779 ita
803 2712 854 2778 hle
881 2709 1028 2777 imminet
1048 2710 1142 2778 morti
1169 2714 1203 2779 et
1223 2709 1307 2776 circa

191 2809 329 2876 cadauer
352 2810 442 2877 volat
463 2861 469 2876 .
493 2815 542 2878 .·.'
565 2813 613 2880 uf.
636 2815 695 2899 Ep.
717 2817 755 2899 V,
780 2817 806 2882 1.
827 2817 858 2897 4,
881 2814 971 2898 XIII,
994 2815 1024 2880 3.
1048 2815 1080 2896 6,
1102 2811 1191 2894 XIII,
1211 2814 1306 2893 216,

190 2913 263 2994 VII,
287 2915 315 2982 6.
338 2914 369 2997 4,
391 2915 445 2995 IV,
469 2917 517 2982 12.
542 2919 570 2982 6.

274 3016 380 3100 Saepe
395 3017 542 3084 herbae
564 3019 805 3102 arboresque
828 3037 900 3084 cum
913 3018 1062 3084 humanis
1073 3017 1306 3089 conditionibus

190 3119 426 3204 comparantur.
478 3120 538 3205 Ep.
560 3121 628 3204 XV,
657 3123 689 3188 3.
710 3121 763 3202 59,
793 3120 1074 3206 ,quemadmodum
1099 3119 1180 3186 lolia
1201 3120 1307 3188 virere

187 3241 247 3306 per
277 3240 401 3287 senon
433 3231 578 3307 possunt,
608 3239 731 3288 ramum
762 3221 959 3307 desiderant,
988 3223 1038 3289 cui
1067 3271 1140 3289 ...
1170 3221 1218 3288 sic
1243 3222 1308 3290 ista
1336 3307 1338 3312 ,

149 3327 154 3337 '
187 3329 364 3408 praecepta
379 3371 387 3386 .
404 3326 442 3389 ..’
471 3324 521 3390 De
536 3325 592 3391 vit.
616 3325 700 3390 beat.
715 3325 744 3390 9.
761 3327 790 3405 2,
815 3324 909 3402 ,sicut
930 3325 963 3390 in
986 3323 1181 3407 arvaquod
1203 3327 1307 3409 segeti

187 3425 388 3512 proscissum
411 3432 460 3498 est
482 3477 491 3492 .
514 3477 522 3489 .
545 3476 554 3493 .
577 3428 624 3493 sic
646 3434 679 3492 et
699 3428 876 3513 voluptas.
901 3475 909 3494 .
933 3429 952 3492 .'
996 3428 1046 3494 De
1060 3429 1133 3497 ben.
1154 3431 1197 3512 ΙΙ,
1214 3431 1307 3502 11.4,

192 3529 305 3614 ,multa
327 3547 404 3594 cura
426 3534 497 3594 sata
519 3529 736 3613 perducuntur
750 3530 792 3594 ad
812 3538 966 3614 segetem,
989 3581 997 3597 .
1021 3582 1030 3598 .
1053 3581 1061 3598 .
1084 3532 1198 3600 eadem
1212 3533 1307 3599 bene·

193 3631 337 3698 doiorum
362 3630 506 3698 condicio
530 3633 600 3697 est’
641 3631 728 3697 Dial.
744 3633 772 3715 Ι,
787 3633 841 3698 IV.
860 3635 910 3715 16,
934 3633 1020 3718 ,quid
1041 3633 1177 3716 miraris,
1208 3636 1307 3701 bonos

195 3735 289 3819 vitos,
319 3741 353 3798 ut
379 3733 616 3818 confirmentur,
645 3734 793 3801 concuti?
828 3755 892 3801 non
921 3742 970 3802 cst
1000 3737 1094 3802 arbor
1120 3736 1225 3804 solida
1247 3755 1307 3802 nec

195 3835 303 3918 fortis,
336 3835 401 3902 nisi
446 3835 576 3920 inquam
608 3835 759 3920 frequens
795 3843 911 3905 ventus
948 3839 1112 3906 incursat?
1171 3838 1218 3904 Of.
1246 3838 1307 3922 Ep:

194 3939 262 4023 XV,
282 3940 312 4005 3.
334 3939 386 4020 63,
414 3938 469 4019 IV,
492 3940 521 4004 3.
543 3939 576 4022 2,
605 3940 660 4024 IV,
685 3941 733 4005 10.
757 3941 788 4022 4,
816 3940 872 4021 IV,
896 3943 947 4008 12.
970 3941 1019 4020 16,
1050 3940 1106 4021 ΧΙ,
1127 3941 1157 4006 3.
1179 3941 1209 4006 9.
1257 3938 1307 4004 De

195 4039 286 4109 elem.
309 4043 353 4124 Π,
375 4041 405 4106 l.
427 4043 457 4106 4.
1422 4046 1427 4052 “

259 4191 260 4196 κ
276 4145 338 4211 Vix
359 4143 459 4209 ullum
483 4143 690 4229 metaphorae
704 4163 808 4228 genus
824 4144 1021 4228 frequentius
1037 4150 1096 4225 est,
1111 4162 1206 4226 quam
1221 4143 1308 4228 quod

193 4269 236 4314 ex
266 4245 467 4331 corporis
501 4244 655 4312 morbis
692 4245 895 4331 desumptum
918 4245 960 4314 ad
991 4245 1090 4311 animi
1119 4243 1308 4312 affectiones
